1545 2651
606 318 642 348 51

71 409 171 440 etiam
191 407 229 440 dc
251 418 424 448 corporum
449 409 642 441 formatione
662 410 752 450 prius
771 414 817 441 est
836 411 1056 442 disserendum
1079 422 1177 452 quam

69 465 107 496 de
139 465 279 502 animis;
312 467 349 495 ut
380 465 477 504 plane
511 466 689 496 absurdum
715 470 805 505 esset,
829 468 855 498 si
878 468 974 506 idem,
999 469 1056 508 qni
1081 468 1180 499 verba

69 531 168 562 supra
193 521 214 552 l.
240 521 428 560 scripsisset,
455 526 565 553 tamen
589 523 843 563 disputationem
870 524 907 555 de
933 528 999 555 tota
1023 525 1082 555 hae
1105 525 1181 555 edu-

69 578 208 609 cationis
232 577 362 608 rationc
388 578 433 608 sie
459 578 650 617 inchoasset,
675 582 711 610 nt
731 580 874 620 primum
898 581 1080 621 inquireret
1100 591 1180 611 num

67 643 126 674 pro
148 634 277 665 diversa
300 634 449 664 civium
475 635 648 666 conditone
672 635 890 667 adolescentes
914 637 1004 668 varie
1030 637 1097 667 sint
1122 637 1182 668 for-

70 690 194 721 mandi.
220 689 342 729 Quodsi
367 689 420 720 vel
444 690 502 721 hoc
527 691 661 729 fecisset,
686 702 798 722 rursus
820 692 977 723 absonum
1003 696 1093 731 esset,
1114 702 1182 732 pos-

70 750 123 778 tea
155 747 290 778 demum
321 756 487 787 quaerere,
519 750 631 778 utrum
664 748 710 779 rei
739 749 890 788 publicae
920 750 998 780 haee
1024 759 1102 780 cura
1127 749 1183 779 tri-

68 803 198 834 buenda
224 803 268 834 sit
295 812 337 833 an
369 803 509 843 singulis
539 804 688 844 patribus
719 804 921 836 familiarum
955 806 1182 845 relinquenda.

69 859 224 890 Vidimus
256 869 351 899 porro
382 869 459 890 culn
491 870 529 891 ea
558 860 668 891 reficta
693 864 785 901 parte
804 861 1033 902 disputationis
1053 862 1091 892 de
1112 871 1183 891 mu-

71 926 191 948 nerum
214 916 424 957 publicorum
450 916 485 947 in
510 917 635 957 optima
658 918 826 957 republica
849 918 1008 948 servanda
1029 917 1182 948 distribu-

70 973 168 1012 tione,
199 973 444 1013 eonglutinatas
468 974 647 1004 sententias
676 974 843 1014 quasdam,
863 984 957 1014 quae,
978 984 1180 1014 quamquam

69 1032 101 1062 et
130 1030 221 1070 ipsae
245 1030 404 1071 repetitae
428 1033 535 1061 esseut
557 1039 596 1060 ex
621 1030 839 1070 disputatione
863 1031 902 1062 de
927 1031 1102 1061 honoribus
1126 1040 1182 1070 pu-

70 1086 164 1118 blicis
193 1086 440 1124 distribuendis,
474 1089 585 1118 tamen
617 1096 723 1127 neque
755 1087 963 1118 cohaererent
990 1096 1065 1118 cum
1093 1096 1183 1126 prae-

70 1143 261 1174 cedentibus
291 1143 579 1183 sequentibusque,
611 1153 718 1183 neque
748 1143 816 1175 ullo
849 1144 942 1174 modo
969 1143 1183 1174 convenirent

70 1199 285 1240 disputationi
309 1199 348 1230 de
369 1200 547 1230 honoribus
568 1200 601 1230 in
627 1200 786 1240 optima
809 1200 942 1230 civitate
962 1200 1134 1230 inchoatae
1148 1197 1182 1239 ¹).

71 1256 225 1287 Vidimus
244 1256 387 1297 denique
407 1256 550 1287 eiusdem
570 1257 800 1296 disputationis
811 1266 936 1296 pannos
947 1256 988 1286 ad
1000 1259 1182 1294 centonem,

70 1315 108 1344 ut
133 1313 182 1344 ita
208 1313 328 1351 dicam,
353 1316 512 1351 consutos,
533 1313 590 1353 qui
612 1313 751 1353 speciem
772 1313 941 1353 praeberet
962 1316 1122 1351 texturae,
1144 1322 1184 1344 ex

70 1379 136 1410 quo
166 1369 312 1400 civitatis
342 1372 451 1409 partes
483 1369 676 1409 conspicuae
708 1369 822 1400 forent.
847 1370 929 1399 Eam
954 1371 1065 1400 autem
1090 1369 1184 1409 quasi

70 1425 327 1466 disputationem
348 1426 386 1456 de
406 1426 556 1466 partibus
577 1426 712 1464 civium,
735 1425 804 1465 (has
825 1426 914 1456 enim
935 1428 1066 1456 tantum
1086 1434 1184 1465 quae-

71 1483 150 1513 sitas
171 1492 238 1514 esse
266 1492 306 1514 ex
330 1482 457 1523 epilogo
482 1482 541 1513 illo
565 1485 664 1522 patet,
689 1492 752 1522 quo
774 1486 838 1512 tam
860 1482 995 1522 pulchre
1015 1481 1184 1521 disputati-

71 1539 142 1570 onis
166 1549 331 1570 Summam
351 1539 547 1570 subductam
567 1548 633 1570 esse
652 1539 819 1579 vidimus,)
840 1548 905 1569 non
926 1539 966 1569 ad
986 1548 1062 1569 eum
1084 1538 1183 1568 finem

72 1595 114 1627 ab
143 1596 241 1627 initio
272 1596 462 1626 institutam
495 1596 592 1626 fuisse
623 1595 753 1633 scimus,
785 1595 839 1625 sed
868 1598 904 1625 ut
928 1592 998 1633 ἔργα
1022 1593 1184 1634 quaedam

106 1706 126 1738 ¹)
144 1707 231 1732 Liceat
249 1707 313 1731 mihi
330 1707 372 1731 hic
389 1710 571 1738 argumentum
589 1707 667 1730 etiam
685 1713 787 1736 insuper
803 1706 894 1729 addere
912 1705 942 1729 ad
961 1706 1112 1729 sententiam
1128 1712 1186 1729 nos-

72 1754 139 1776 tram
158 1752 324 1783 probandam,
342 1752 478 1776 abhorrere
500 1759 577 1783 quam
597 1752 707 1775 maxime
725 1754 823 1775 metum
842 1751 972 1774 seditionis
990 1758 1005 1774 a
1021 1750 1065 1774 tali
1077 1751 1186 1780 civitate,

72 1798 178 1829 ideoque
201 1798 278 1822 verba
302 1805 325 1829 p.
350 1790 415 1822 “1332
439 1797 463 1822 b.
483 1796 516 1821 ‘29
533 1797 706 1829 „iwriploi'm
726 1798 892 1828 ι’ωκτερίζειν
910 1796 1069 1826 βουλόμενοι
1088 1800 1187 1823 πάντες

73 1847 98 1870 οἱ
122 1848 192 1871 κατὰ,
215 1847 265 1876 τὴν
287 1846 389 1878 χώραν’
408 1847 551 1872 reunitum
573 1846 595 1869 ι’
613 1843 682 1869 εἶναι
700 1846 761 1872 ποῦς
778 1844 804 1868 ἐι·
826 1845 858 1876 τῷ
879 1844 1053 1872 πολιτεύματι
1074 1844 1102 1867 ιὸ
1122 1844 1186 1875 πλῇ-

73 1895 130 1926 θος,
154 1893 221 1918 ὥστε
248 1891 318 1917 εἶναι
342 1895 481 1924 κρείτιότς
505 1893 610 1916 πάντων
636 1892 735 1916 ruitmi·
760 1889 787 1915 ἕν
815 1901 841 1915 τι
861 1892 911 1914 τῶν
935 1891 1074 1914 adurcium·
1094 1890 1189 1914 iotis,

71 1939 257 1964 absurdissima
280 1947 342 1964 esse.
367 1940 472 1970 Legitur
493 1939 562 1963 enim
586 1946 608 1970 p.
633 1938 698 1963 1272
722 1937 746 1962 b.
772 1936 811 1962 30.
836 1943 968 1969 „aqu-vtum
995 1937 1023 1960 δὲ
1051 1937 1188 1964 πολιτείας

72 1989 288 2020 συντεταγμίιης
310 1989 338 2011 τὸ
358 1987 404 2011 τὸν
424 1987 510 2016 δῆμον
529 1987 643 2017 {lavaur
663 1986 799 2013 ‘J'tnnae'rnr
817 1985 844 2008 iv
865 1988 895 2015 1‘.¹,'
909 1986 979 2011 urin
994 1987 1038 2016 τῆς
1052 1984 1190 2011 ,τυλιτειίις

74 2035 129 2058 καὶ
157 2036 240 2066 μήτε
270 2037 388 2059 στάσιν
417 2034 469 2057 ὅτι
498 2034 551 2056 καὶ
579 2032 673 2060 ἄξιον
701 2033 834 2063 «τῖιτμῖν,
861 2034 1080 2063 γεγψγῆοῧηι.
1108 2031 1187 2060 Quem

72 2079 157 2106 locum
180 2082 258 2106 etiam
282 2081 347 2105 hane
373 2080 405 2104 ob
428 2087 532 2104 causam
559 2079 642 2109 attuli,
666 2082 695 2102 ut
718 2085 778 2102 eum
797 2078 965 2102 emendarem.
985 2078 1131 2109 Legendum
1150 2079 1189 2100 ost

72 2126 154 2150 enim:
172 2132 303 2158 „omns-‘ur
323 2127 351 2150 δὲ
373 2128 509 2154 ,τυλιτιίιις
537 2119 572 2150 si*
598 2126 764 2156 τειηγμιίης
783 2126 812 2148 ’τὸ
839 2125 982 2148 ε’κονοιεν
1008 2125 1144 2153 δίιιμὲιίιν
1162 2124 1188 2147 ἐν

73 2175 107 2204 τῇ
125 2174 200 2201 τιιξει
218 2174 307 2198 deletis
316 2173 400 2198 verbis
427 2184 438 2198 τ
448 2175 460 2197 ὸ
468 2184 481 2197 ν
505 2174 544 2204 δῇ
552 2183 568 2200 μ
579 2184 590 2197 o
600 2183 611 2196 ι’
639 2183 650 2196 ι·
661 2175 673 2202 ἢ
684 2182 694 2199 ;,·
718 2181 735 2196 51
743 2182 754 2196 ο
763 2171 791 2195 λι
803 2181 814 2195 r
825 2181 834 2195 ὁ
843 2173 852 2195 ί
861 2181 876 2194 u
884 2181 895 2199 ς
917 2178 946 2195 ex
956 2171 1108 2202 glossemate
1120 2170 1189 2194 onis.
