1545 2651
606 301 644 329 55

70 391 183 422 vation
213 392 248 422 of
277 392 331 422 tlie
362 392 511 422 intellect
545 402 581 422 οι·
608 393 720 423 rather
741 395 776 423 at
799 393 853 424 the
878 394 1050 425 formation
1075 394 1111 425 of
1131 395 1184 426 the

70 447 175 479 moral
203 448 403 479 character.''
435 448 523 479 Idem
557 451 669 479 autem
701 449 753 479 vir
783 449 823 480 cl.
855 450 976 480 addens
1004 450 1060 481 ubi
1085 451 1124 482 de
1146 460 1184 482 ea

69 514 104 535 re
128 506 240 535 actum
265 505 316 542 sit,
342 504 473 545 ablegat
499 505 631 536 lectores
652 506 692 536 ad
719 505 828 536 locum
853 524 895 528 —-
919 515 1098 546 quemnam
1121 510 1183 538 sta-

71 562 131 592 tim
155 562 349 599 videbimus,
367 580 408 584 ——
432 562 487 592 ubi
510 563 619 593 tamen
641 572 706 593 non
727 563 929 602 disputatum
952 566 999 593 est
1019 564 1058 594 de
1072 573 1184 604 quaes-

70 618 168 656 tione,
192 621 305 649 utrum
336 619 480 659 potius
510 619 551 649 sit
576 619 824 659 respiciendum,
849 620 903 650 sed
925 622 1038 651 utrum
1062 621 1183 660 prius.

68 674 182 715 Neque
204 674 345 715 profecto
370 675 548 706 verisimile
572 679 628 713 est,
655 674 841 706 Aristotelis
865 678 973 707 aetate.
997 676 1104 715 fuisse,
1126 677 1183 717 qui

68 731 269 763 alterutrum
299 731 397 772 plane
424 732 659 772 negligendum
684 742 750 763 esse
773 735 953 764 censerent.
978 733 1095 774 Itaque
1119 734 1184 764 nisi

68 797 107 819 ea
136 787 237 818 verba
267 788 451 828 graviorem
483 788 702 828 corruptelam
734 789 970 827 contraxerint,
1007 789 1182 830 legendum

68 844 110 875 sit
132 843 245 883 πότερον
272 843 430 885 [πρότερον]
455 844 522 883 πρὸς
546 843 597 878 τὴν
622 843 744 875 Biduo-lxv
769 844 867 883 πρέπει
895 844 1049 887 (μᾶλλον)
1076 844 1091 881 ἢ
1117 845 1184 884 πρὸς

68 913 94 932 κ.
126 912 146 932 τ
185 907 212 931 λ.
246 900 284 931 In
316 901 467 941 sequenti
499 903 609 931 autem
641 901 806 932 sententia
838 901 923 932 nihil
948 902 1027 933 novi
1052 901 1184 932 additur

67 957 142 995 nisi,
167 967 209 989 ne
233 957 266 988 id
290 958 423 997 quidem
450 957 584 997 liquere,
610 967 651 987 an
677 958 771 997 pueri
796 957 932 988 doeendi
956 958 1023 988 sint
1049 967 1183 998 sssnper-

68 1023 213 1045 vacanea
237 1012 271 1054 1).
297 1014 359 1044 Sed
384 1013 630 1044 molestissimas
655 1014 864 1054 repetit-iones
888 1014 1002 1044 missas
1026 1014 1125 1052 sacio;
1151 1014 1185 1045 id

67 1071 151 1102 dieo:
184 1072 200 1106 ἡ
231 1069 334 1108 σκέψις
365 1071 391 1101 si
421 1071 491 1110 ipsa
517 1080 554 1101 ea
577 1072 634 1108 est,
662 1070 712 1110 (de.
736 1080 802 1110 qua
825 1071 878 1101 hic
901 1070 955 1110 agi
979 1070 1121 1111 videtur)
1145 1071 1184 1101 de

67 1130 136 1158 tota
177 1137 355 1168 puerorum
392 1127 611 1164 institutione,
648 1136 753 1166 neque
787 1136 846 1166 ego
881 1126 1041 1167 intelligo,
1077 1136 1183 1167 neque

67 1183 170 1221 credo,
202 1183 297 1221 alius,
329 1183 455 1214 omissis
486 1183 624 1223 argutiis
649 1182 899 1222 disciplinarum
923 1192 1005 1222 quas
1030 1183 1183 1213 nonnulli

69 1239 236 1276 'shiilieren
259 1239 513 1280 speeulativen''
536 1239 726 1279 praedicant
745 1241 844 1279 atque
863 1239 1067 1279 profitentur,
1088 1239 1183 1270 facile

67 1296 255 1337 explicabit,
285 1297 343 1336 qni
368 1297 434 1334 fiat,
460 1298 497 1326 ut
530 1306 604 1332 'sex
636 1296 800 1326 usitata
830 1295 1040 1326 institutione
1062 1295 1183 1335 discep-

67 1353 149 1384 tatio
179 1353 378 1383 confusionis
408 1353 506 1393 plena
538 1353 589 1390 sit,
618 1362 725 1392 neque
753 1352 934 1392 quidquam
959 1352 1181 1390 manifestum,

66 1410 179 1439 utrum
211 1409 309 1439 utilia
339 1409 406 1439 sint
439 1408 584 1439 docenda
614 1411 693 1446 etc.;
718 1418 919 1448 quamquam
944 1408 1044 1439 verba
1067 1418 1183 1449 graeca

65 1464 120 1496 vel
153 1466 259 1506 magis
290 1465 413 1496 absona
440 1468 517 1496 sunt
540 1474 640 1505 quam
665 1465 786 1502 latina3
811 1465 891 1505 quid
915 1465 1004 1496 enim
1027 1465 1070 1495 sit
1092 1474 1182 1505 prae-

65 1521 182 1562 positio
206 1521 259 1553 e'z‘?
282 1521 336 1552 An
362 1522 395 1552 id
419 1522 507 1562 qnod
527 1521 604 1553 ὑπὸῗ
626 1521 745 1552 Statim
765 1523 877 1552 autem
898 1521 956 1551 lux
976 1521 1016 1551 iis
1036 1521 1181 1561 affulget,

66 1578 93 1608 si
115 1580 186 1618 post
209 1578 269 1608 illa
293 1577 332 1608 διὸ
357 1576 408 1608 uxi
434 1578 486 1612 τὴν
510 1577 648 1615 μουσικὴν
672 1577 695 1608 οἱ
713 1576 842 1616 πρότερον
861 1576 900 1611 εἰς
920 1576 1053 1607 mosim
1073 1574 1182 1612 ἔταξαν

66 1645 92 1664 κ.
124 1645 150 1664 τ.
182 1640 210 1664 λ.
244 1634 331 1674 (vide
363 1635 408 1665 l.l.
441 1644 471 1674 p.
508 1635 558 1674 13)
584 1636 661 1665 ante
688 1632 752 1669 ηὸτι
776 1632 829 1671 μὲν
853 1632 943 1664 τοίνυν
967 1645 993 1663 κ.
1018 1644 1044 1663 τ.
1071 1639 1097 1663 λ.
1123 1632 1182 1672 (1.1.

66 1700 97 1731 p.
119 1691 171 1732 11)
191 1691 368 1731 legeretur:
390 1691 447 1727 ῃὲκ
470 1690 505 1721 δὲ
528 1693 580 1726 τῆς
599 1689 731 1728 §amaea-a
751 1701 777 1720 κ.
792 1701 818 1720 τ.
834 1696 872 1724 a„
894 1689 1086 1729 praesertim
1106 1698 1181 1720 cum

66 1757 150 1788 quae
182 1748 221 1779 de
252 1748 364 1779 eadem
395 1758 429 1779 re
453 1748 530 1778 libri
555 1747 699 1778 eiusdem
723 1757 793 1787 cap.
818 1748 835 1777 5
860 1746 1018 1777 habemus
1042 1756 1117 1776 eum
1142 1746 1183 1776 iis

67 1804 289 1835 conferantur.
321 1805 518 1844 Sequentem
546 1813 676 1844 quoque
700 1804 873 1844 periodum
897 1802 1032 1833 aliunde
1055 1802 1108 1832 hic
1132 1802 1182 1832 in-

67 1861 228 1892 concinne
251 1861 429 1892 admodum
454 1861 593 1901 positam
615 1870 690 1898 esse,
712 1860 809 1900 paulo
830 1859 1022 1899 diligentins
1039 1859 1181 1889 conside-

67 1917 219 1948 rantibus
248 1918 384 1957 patebit.
417 1918 567 1948 Primum
601 1917 690 1948 enim
718 1916 826 1947 verbis
850 1913 1182 1954 περί-ὁμολογούμενον

69 1975 165 2006 tertio
190 1975 276 2005 idem
301 1975 386 2014 quod
410 1974 446 2004 in
469 1973 739 2014 praecedentibus
762 1973 848 2003 inest
873 1972 1041 2012 repetitur,
1065 1971 1182 2002 deinde

68 2034 181 2062 antem
204 2032 243 2062 de
267 2031 391 2062 virtute
415 2031 440 2061 si
466 2031 519 2061 hic
540 2032 729 2070 quaeratur,
751 2029 784 2060 id
804 2038 911 2059 unum
930 2028 1045 2068 quaeri
1064 2027 1181 2068 potuit,

102 2148 123 2179 ¹)
146 2151 175 2174 ιὰ
195 2149 322 2180 meanti:
340 2148 428 2173 Stahr:
447 2149 509 2177 „die
527 2147 637 2171 hoheren
651 2146 822 2178 speculativen
839 2143 1115 2170 Wisse11schaften‘'!!!
