1545 2651
651 348 668 376 :3

101 444 188 471 terea
211 442 338 469 vastam
363 439 560 470 scholiorum
583 443 706 470 struem
731 440 771 469 ad
796 450 847 469 cos
872 439 968 469 libros
989 443 1213 470 coacervatam

99 506 175 527 cum
208 496 245 526 iis
276 496 352 535 ipsis
382 506 485 526 socors
515 496 768 535 conglutinaret.
796 495 929 526 Necesse
953 496 1055 535 igitur
1078 506 1153 534 esse,
1178 500 1215 526 ut

99 552 233 583 Aristot.
246 553 303 592 qui
318 555 477 582 vocantur
490 552 564 582 libri
578 553 615 582 de.
628 552 713 592 Rep:
727 551 943 590 Ἀριστοτέλους
960 551 998 582 w}
1016 552 1159 583 πολιτικαῖ
1171 570 1214 575 —

99 619 164 649 quo
188 609 321 639 nominc
345 618 470 648 exemp.
493 619 540 648 gr.
565 608 748 638 Rich-ardus
769 609 936 648 Congreve
958 609 1050 647 (duce
1075 609 1214 640 [lekkeri

99 666 253 705 editione)
277 665 378 695 edidit
397 665 590 704 anglicoque
611 664 802 701 illustravit,
824 682 866 686 —
884 665 931 695 ita
944 665 1050 695 denuo
1064 665 1213 703 edantur,

100 725 137 752 ut
167 722 225 762 qui
258 721 441 761 intelligere
473 721 605 751 malunt
634 721 767 751 lectores
799 731 899 761 quam
925 722 975 751 vel
1001 722 1157 752 admirari
1183 724 1214 752 et

100 778 234 809 laudare
258 778 309 809 vel
334 777 497 817 explicare
519 778 586 807 sive
600 778 708 817 potius
721 781 944 817 contorquere,
960 778 1214 818 liaberentquae

100 844 213 866 revera
246 834 429 864 Aristotelis
464 834 597 864 nomine
628 834 727 873 digna
755 834 938 864 laiularent.
974 833 1087 874 Neque
1123 834 1212 864 enim

98 891 178 931 quia
202 890 258 921 Ar.
284 890 325 921 ab
350 890 441 920 inani
467 890 642 920 verborum
666 890 842 920 iactatione
866 900 967 930 quam
996 891 1139 921 maxime
1159 891 1213 920 al)-

100 947 236 985 horruit,
261 947 331 977 ideo
355 947 421 977 iam
447 950 703 977 consentancum
730 956 796 977 esse.
822 947 961 984 videtur,
989 949 1023 976 ut
1044 947 1211 977 interdum

99 1004 276 1034 furibundo
296 1003 413 1033 similis
437 1003 490 1033 vel
510 1003 607 1043 plane
626 1004 855 1043 imperfectum
876 1013 1058 1034 sermonem
1081 1004 1212 1043 profun-

98 1061 196 1099 deret,
229 1060 281 1090 vel
314 1061 413 1091 etiam
438 1060 617 1090 sententias
641 1060 815 1097 emitteret,
841 1070 934 1099 quae,
960 1060 1017 1089 vix
1040 1060 1213 1091 inchoatae

98 1127 205 1158 neque
230 1117 299 1147 ullo
323 1117 410 1147 inter
432 1126 464 1148 se
487 1127 554 1147 non
575 1117 732 1147 sermonis
758 1118 851 1147 modo
873 1117 1006 1147 vinculo
1026 1118 1080 1147 sed
1102 1127 1141 1148 ne
1164 1128 1212 1147 co-

98 1174 266 1214 gitationis
298 1173 431 1213 quidem
462 1174 666 1211 coniunctae,
692 1183 805 1204 eorum
836 1174 893 1213 qui
918 1173 1062 1213 legerent
1086 1174 1213 1204 animos

98 1231 248 1261 incautos
279 1233 447 1261 vexarent.
479 1229 573 1269 Quod
605 1233 714 1261 tamen
747 1240 823 1261 eum
862 1230 981 1268 fecisse,
1019 1231 1044 1260 si
1079 1230 1212 1270 quidem

99 1287 191 1317 libris
216 1297 289 1318 mss.
311 1287 509 1318 credendum
529 1290 585 1324 est,
604 1297 707 1327 quum
724 1287 882 1326 exemplis
898 1287 1032 1327 prolatis
1046 1287 1213 1317 ostendere

99 1353 200 1375 essem
231 1347 377 1382 conatus,
411 1354 483 1375 eece
513 1344 647 1375 affertur
672 1344 754 1373 mihi
777 1353 867 1383 opus,
898 1344 991 1374 cuius
1014 1344 1120 1383 primo
1146 1344 1212 1374 iam

99 1403 231 1440 aspectu
264 1401 507 1432 exclamabam:
543 1401 704 1439 ssdoctum,
729 1401 890 1440 Juppiter,
915 1403 946 1431 et
970 1400 1210 1432 laboriosulnlll

142 1457 353 1488 Inseribitur:
385 1456 484 1488 Arist.
518 1457 585 1488 Pol.
611 1457 686 1487 libri
712 1457 792 1487 VIII
818 1467 894 1487 cum
919 1460 1049 1488 vetusta
1076 1457 1212 1487 transla-

100 1514 187 1544 tione
209 1513 370 1544 Guilelmi
389 1514 428 1544 de
446 1513 631 1551 Moerbeka,
653 1514 817 1544 recensuit
837 1514 1030 1544 Franciseus
1049 1513 1214 1544 Susemihl

100 1570 272 1610 (accedunt
303 1570 414 1601 variae
437 1570 592 1601 lectiones
623 1570 922 1611 (neonomicoruin.)

138 1637 212 1675 Lips.
236 1638 264 1665 iu
286 1637 343 1665 aed.
368 1638 400 1665 B.
423 1638 456 1665 G.
479 1637 615 1665 Teubneri
637 1637 881 1666 MDCCCLXXH.

143 1733 258 1763 Postea
289 1743 365 1763 cum
395 1742 475 1772 opus
509 1733 722 1772 inspexissem
759 1733 853 1764 t'aeile
889 1733 1051 1772 videbam,
1085 1744 1213 1765 neeesse

98 1789 166 1819 iam
190 1799 257 1820 esse
280 1790 315 1819 iu
341 1792 516 1829 posterum,
543 1793 579 1819 ut
602 1790 659 1829 qui
681 1790 807 1829 aliquid
831 1791 869 1820 de
891 1790 1007 1820 nostris
1028 1790 1120 1821 libris
1139 1791 1213 1821 seri-

99 1846 174 1877 bere
198 1846 314 1883 velint,
339 1846 390 1876 vel
417 1856 468 1876 eos
488 1847 571 1886 ipsos
600 1847 706 1877 denuo
736 1846 838 1884 edere,
871 1857 890 1876 a
921 1847 1098 1877 Susemihli
1130 1848 1214 1877 mira

99 1905 317 1942 accurataque
351 1903 524 1943 diligentia
560 1903 807 1942 proficiscuntur
840 1909 873 1933 et
899 1906 976 1933 ante
1006 1904 1118 1934 omnia
1147 1906 1213 1933 stu·

99 1959 185 1990 diose
204 1959 387 1999 inquirant,
412 1960 492 1999 quid
518 1960 569 1989 vir
588 1959 645 1989 ille
668 1959 708 1990 cl.
734 1959 920 1999 probaverit
943 1959 1190 1999 improbaritve.

142 2016 304 2056 Equidem
335 2019 458 2054 autem,
495 2026 570 2046 cum
608 2019 754 2055 tempora
789 2025 862 2046 mea
898 2025 949 2046 me
984 2019 1144 2056 cogerent,
1178 2019 1215 2046 ut

98 2072 166 2102 iam
183 2072 326 2103 collectis
345 2072 520 2103 sarcinulis
547 2073 628 2103 meis
645 2072 752 2102 almae
776 2073 872 2102 matri
894 2072 1119 2110 valedicerem,
1141 2082 1214 2103 con-

99 2129 192 2158 stitui
211 2147 254 2151 —-
277 2132 315 2158 ut
340 2129 407 2159 iam
437 2129 514 2167 dixi,
536 2138 631 2169 aegre
652 2147 694 2150 —
716 2131 752 2158 ut
773 2138 845 2159 mea
865 2129 985 2168 scripta
1005 2138 1089 2168 quae
1109 2131 1215 2159 essent

100 2185 237 2223 ederem,
261 2185 479 2225 adderemque
507 2185 667 2225 exemplis
693 2195 732 2215 ex
758 2185 898 2215 Bekkeri
920 2185 1061 2215 editione
1080 2185 1215 2225 prolatis

1544 117 1545 128 ⁴
1544 98 1545 107 ⁴
1538 0 1545 82 -A.=.
