1545 2651
919 339 958 368 :36

385 433 436 464 die
457 433 587 464 letzterc
607 432 668 462 Art
688 442 751 462 von
772 431 976 469 He1·1·sclial't;
996 431 1129 462 Dienste
1148 431 1211 462 wic
1230 431 1275 462 sie
1294 431 1350 462 der
1370 430 1492 463 Sklave

385 490 457 520 dein
501 489 608 520 Herm
648 489 755 519 lcistet
793 487 958 529 (δικκσνικδι
993 486 1082 528 ἔργα)
1120 488 1236 518 diii-fen
1273 487 1395 518 mithin
1429 488 1491 518 den

381 547 507 586 jungcn
544 546 790 585 BUrgersiihnen
819 555 894 576 zum
919 544 1056 575 Zwecke
1081 544 1168 575 ilii-cr
1191 544 1378 585 Erzieliung
1401 544 1494 575 nicht

385 602 599 642 ausgetragen
630 601 794 632 we1·den.”
825 600 930 639 Certe,
961 601 1085 641 opinor,
1115 603 1192 631 tunc
1217 600 1338 640 optime
1361 609 1493 640 pergere

385 667 569 698 possumus:
597 658 783 694 ''Differunt
802 660 913 689 autem
934 657 1114 688 nonnullae
1135 666 1249 687 earum
1269 666 1390 694 rerum,
1409 666 1494 697 quae

388 714 512 744 homini
537 714 751 754 imperantur,
777 724 857 745 non
882 714 974 744 sactis
998 713 1052 744 sed
1077 713 1204 743 linibus.
1229 712 1336 752 Quam
1360 712 1401 744 ob
1423 722 1492 744 rem

387 770 522 800 inulta
551 779 661 800 eorum
687 770 856 808 sactorum,
881 779 965 810 quae
990 769 1123 800 servilia
1145 778 1211 799 esse
1235 768 1399 806 videntur,
1425 769 1492 799 lio-

388 829 508 857 nesta
539 826 804 866 pulchraque
827 829 905 856 sunt
929 826 1016 856 sactu
1041 826 1140 856 etiam
1163 826 1218 855 τῶν
1242 824 1307 855 νέων
1330 827 1390 859 τοῖς
1413 825 1493 855 ἐλευ-

386 881 517 921 θέραιςἫ
547 882 630 913 Mihi
661 885 770 913 autem
798 883 897 913 etiam
923 883 949 912 si
974 882 1061 912 istud
1082 881 1347 922 supplementum
1372 881 1494 922 optime

387 939 596 979 sequentibus
619 939 818 977 conveniret,
841 941 951 969 tamen
977 938 1180 978 probandum
1201 947 1266 968 esse
1288 948 1352 969 non
1373 937 1494 969 videre-

388 999 450 1032 tur,
476 1005 552 1025 nam
577 995 690 1035 regula
714 995 857 1026 Ictoruin
882 995 1000 1026 leviter
1023 997 1152 1025 mutata
1169 994 1268 1025 etiaul
1289 994 1330 1025 ad
1350 997 1493 1025 nostram

387 1051 597 1092 disciplinam
629 1051 733 1082 valet:
766 1061 875 1092 aquae
905 1051 947 1082 ab
979 1051 1074 1081 initio
1106 1051 1210 1081 futilis
1233 1051 1295 1081 suit
1317 1051 1430 1088 oratio,
1455 1059 1494 1081 ex

387 1108 543 1148 postfacto
575 1108 800 1139 convalescere
832 1118 898 1139 non
926 1107 1061 1148 potest.’'
1091 1107 1211 1147 Explct
1241 1107 1328 1137 enim
1361 1106 1421 1137 Vir
1443 1105 1494 1138 cl.
1524 1108 1530 1131 Ἶ

387 1165 480 1204 quasi
511 1165 546 1195 in
578 1164 846 1204 praecedentibus
875 1167 987 1195 actum
1018 1167 1099 1194 esset
1129 1164 1168 1194 de
1191 1163 1300 1203 pueris
1324 1163 1494 1194 instituen-

388 1221 446 1259 dis,
481 1221 520 1252 de
550 1231 616 1261 qua
647 1224 757 1252 tamen
788 1221 913 1252 ratione
941 1221 967 1251 si
999 1220 1209 1260 philosophus
1244 1220 1295 1250 liic
1331 1219 1495 1260 disputare

389 1286 422 1307 re
442 1286 519 1307 vera
543 1277 706 1315 voluisset,
727 1277 931 1314 haberemus,
955 1279 1001 1314 ut,
1027 1276 1175 1316 neglecta
1199 1276 1268 1306 eius
1290 1275 1494 1313 auctoritate,

1038 1333 1210 1363 Praeterea
1241 1331 1405 1363 Susemihl
1429 1341 1492 1363 non

388 1390 516 1429 quaerit
546 1390 584 1420 de
614 1389 821 1427 soloecismis,
853 1400 918 1420 non
950 1389 1100 1430 queritur
1130 1389 1349 1428 ineptissimas
1380 1388 1496 1428 repeti·

391 1445 502 1483 tiones,
526 1445 583 1475 ubi
607 1445 745 1476 minime
770 1445 807 1476 iis
831 1445 919 1476 loeus
945 1445 1016 1483 fuit,
1040 1455 1104 1476 non
1129 1447 1222 1475 curat
1246 1444 1331 1475 unde
1352 1444 1497 1485 prosecta

388 1501 429 1531 sit
462 1501 648 1541 disputatio,
685 1511 743 1532 nec
777 1511 840 1542 quo
875 1511 907 1532 se
943 1501 1034 1542 quasi
1070 1502 1226 1532 effrenata
1259 1501 1422 1531 iactatum
1454 1499 1497 1530 sit

389 1557 555 1598 miratur]

389 1333 568 1364 rideremus
601 1333 817 1373 ssparturiunt
847 1332 1005 1364 montes?

434 1614 548 1654 Itaque
572 1615 720 1646 videmus
745 1615 796 1645 liic
822 1615 908 1646 idem
933 1624 998 1646 esse
1018 1616 1152 1653 sactum,
1172 1614 1257 1654 quod
1275 1614 1342 1644 iam
1363 1613 1498 1645 diversis

390 1670 467 1701 locis
498 1671 618 1702 factum
651 1681 717 1702 esse
739 1671 891 1709 vidimus,
917 1674 955 1701 ut
978 1674 1010 1702 et
1034 1672 1134 1711 ipsius
1158 1671 1236 1711 phil.
1261 1671 1364 1701 oratio
1387 1670 1498 1701 hiulca.

390 1730 480 1765 esset,
505 1731 537 1758 et
559 1727 680 1758 lacuna
700 1728 805 1767 specie
827 1731 954 1758 tantum
976 1727 1115 1767 expleta.
1137 1727 1198 1758 Sed
1218 1727 1310 1757 aliud
1329 1730 1497 1767 praeterea

389 1784 481 1824 quasi
512 1784 718 1824 sacrilegium
743 1785 951 1815 eonnnissuni
977 1794 1043 1815 esse
1066 1784 1218 1821 vidimus,
1244 1787 1281 1814 ut
1304 1793 1378 1823 pars
1401 1793 1496 1824 quae-

389 1841 464 1870 ‹lani
489 1840 729 1880 (lisputationiS,
754 1850 837 1881 qnae
861 1844 947 1871 certe
969 1850 1033 1871 non
1055 1840 1154 1871 suerit
1175 1840 1325 1870 inchoata
1345 1840 1384 1870 de
1404 1839 1497 1870 varia

389 1906 563 1939 puerorum
596 1897 812 1934 institutione,
840 1897 873 1927 in
906 1897 989 1927 hanc
1018 1900 1099 1927 cssct
1123 1896 1260 1927 deducta
1284 1896 1434 1936 speciem,
1459 1899 1497 1926 ut

390 1952 468 1990 loco,
500 1952 555 1983 ubi
587 1962 663 1983 casu
696 1953 802 1984 nescio
832 1962 906 1993 quo,
939 1953 1043 1992 positu
1072 1956 1163 1990 esset,
1196 1954 1397 1992 congrueret.
1420 1951 1496 1982 Exi-

390 2009 508 2039 nicnda
539 2009 641 2049 igitur
664 2019 703 2039 ex
727 2019 765 2040 ea
788 2012 866 2040 sunt
887 2009 1032 2049 primuni
1057 2009 1157 2039 verba.
1180 2007 1264 2043 δῆλεν
1287 2008 1344 2047 γὰρ
1367 2008 1404 2043 ὥς
1426 2007 1495 2039 οἱκο-

389 2063 505 2095 Μυθεῑν
528 2088 535 2094 .
550 2088 557 2094 .
572 2088 578 2094 .
610 2064 719 2100 ταύτην
743 2068 775 2095 et
799 2063 872 2095 ὥστε
894 2063 945 2095 xx)
969 2064 1020 2099 τὴν
1044 2063 1176 2095 machelm
1199 2087 1206 2094 .
1221 2088 1227 2094 .
1243 2087 1249 2094 .
1265 2087 1271 2094 .
1297 2063 1394 2102 ἑτέραν
1417 2060 1494 2094 εἶναι.

391 2121 460 2151 Iani
491 2125 597 2152 cetera
628 2121 887 2161 inspicientibus,
925 2121 996 2152 istis
1030 2121 1197 2161 exemptis,
1224 2130 1289 2151 non
1313 2120 1418 2150 onmis
1441 2130 1496 2151 no-

392 2176 440 2206 bis
471 2181 640 2218 exemptus
672 2180 719 2208 est
750 2177 933 2217 scrupulus.
959 2177 1099 2208 Initium
1123 2181 1171 2208 est
1195 2177 1269 2214 tale,
1294 2179 1331 2207 ut
1355 2177 1495 2214 dicatur,
