1545 2651
919 320 956 347 Gn

379 409 498 441 {verbm
529 410 599 452 (τὴν
621 410 739 449 ἀρίστην
763 411 929 452 πολιτείαν)
956 415 1103 452 oportere
1135 413 1393 454 participem
1423 423 1491 445 esse

380 468 496 498 harum
522 467 706 505 virtutmn;
734 468 836 498 immo
860 468 930 499 siue
955 469 1083 499 iustitia
1106 472 1138 500 et
1165 470 1370 501 continentia
1395 470 1490 501 nulla

379 525 505 561 civitas,
538 524 658 554 nedum
689 524 824 564 optima,
857 524 925 555 ullo
959 525 1051 555 modo
1082 529 1230 556 constare
1254 530 1367 566 potest.
1391 526 1490 558 Porro

378 580 463 620 quod
487 580 526 610 iis
550 580 657 611 verbis
682 580 750 610 veri
775 581 908 611 docetur
931 581 964 611 id
988 581 1055 611 iam
1079 580 1256 612 enucleate'
1273 582 1397 613 dictum
1426 586 1488 621 θεῖς

381 639 516 671 'smmis
548 632 594 666 οὖν
626 635 672 666 δεῖ
701 635 879 671 &mmo-dvm
909 635 961 667 κκὶ
993 640 1105 672 πολλῆς
1137 637 1319 676 σωφροσύνης
1349 650 1375 669 κ.
1408 650 1434 670 τ.
1459 645 1486 670 λ.

380 693 530 733 Denique
556 693 713 724 habemus
737 692 903 724 Ciceronis
925 694 1162 732 testimonium,
1182 695 1338 735 primurn,
1359 705 1423 736 quo
1445 698 1488 727 to·
1523 736 1525 738 v

379 752 431 780 tus
464 750 514 780 liic
538 749 627 779 loeus
649 750 821 789 pertineat,
846 750 963 780 deinde
986 750 1106 781 lacuna
1130 761 1196 793 esse
1220 752 1429 791 pessumdata
1450 762 1489 783 ea

378 802 429 836 οἷον
459 804 486 836 εἴ
512 817 585 840 τινες
615 805 692 841 εἰσιν,
724 804 816 845 ὥσπερ
846 805 869 836 οἱ
898 805 1016 842 ποιηταὶ
1046 810 1138 845 φκσιν
1166 819 1193 838 κ.
1226 819 1252 838 τ.
1280 814 1307 838 λ.
1332 808 1488 839 Testimo-

377 863 483 900 nium,
516 863 602 903 quod
633 863 714 901 dico,
747 863 797 902 (ex
826 863 997 903 Bernaysii
1025 864 1066 894 cl.
1094 864 1157 894 viri
1180 874 1275 904 opere
1300 865 1389 904 (vdie
1413 865 1488 896 Dia·
1516 878 1522 899 γ

379 919 449 959 loge
473 919 527 950 des
551 919 672 949 Ai·ist.”
696 929 726 959 p.
752 919 826 959 121)
850 919 885 950 in
911 929 1019 950 meam
1045 930 1113 951 rem
1139 922 1242 961 verto)
1266 921 1359 951 nobis
1381 931 1488 952 serva·
1518 955 1525 964 ὁ

379 978 450 1006 tum
481 979 529 1005 est
556 975 644 1015 apud
673 975 813 1016 August.
841 975 879 1006 de
903 975 1024 1006 Trinit.
1051 976 1100 1006 14.
1127 976 1178 1008 19.
1203 976 1280 1016 (vol.
1306 978 1334 1007 8.
1359 986 1390 1017 p.
1415 977 1488 1008 956.

379 1032 485 1072 Ben.):
520 1032 583 1067 'lde
614 1031 770 1062 omnibus
802 1055 894 1063 .....
932 1035 1074 1072 quatuor
1110 1032 1315 1074 (virtutibus)
1351 1043 1489 1074 magnus

378 1091 492 1119 auctor
515 1089 723 1129 eloquentiae
746 1089 878 1119 Tullius
902 1089 937 1119 in
962 1089 1135 1120 Hortensio
1155 1089 1281 1130 dialogo
1301 1090 1486 1130 disputans:

380 1145 437 1181 Usi
470 1145 595 1183 nobis‚’'
626 1145 746 1185 inquit,
781 1155 880 1181 [scum
913 1155 952 1176 ex
985 1146 1044 1176 liae
1078 1146 1149 1176 vita
1181 1147 1411 1187 migrassemus
1446 1147 1486 1177 in

377 1202 594 1232 beatorum
639 1202 819 1240 insulis,
861 1203 1106 1233 immortale
1148 1212 1313 1241 aevum,
1351 1206 1394 1234 ut
1427 1203 1486 1234 fa,-

378 1258 501 1288 l›ulae
534 1258 695 1296 serunt,
728 1259 842 1299 degere
878 1259 999 1296 liceret,
1028 1259 1126 1299 quid
1156 1269 1255 1299 opus
1283 1262 1394 1290 esset
1423 1259 1485 1291 elo-

376 1315 522 1355 quentia,
546 1318 619 1345 aut
649 1315 755 1355 ipsis
784 1315 912 1346 etiam
942 1315 1198 1346 virtutibus.
1222 1315 1288 1347 Nec
1312 1316 1400 1347 enim
1426 1316 1486 1347 sor-

377 1371 520 1402 titudine
543 1381 719 1411 egeremus,
746 1371 839 1402 nullo
861 1372 1024 1412 proposito
1044 1371 1153 1402 labore
1173 1375 1232 1402 aut
1253 1372 1406 1412 periculo,
1427 1382 1486 1403 nec

376 1429 513 1466 iustitia,
539 1438 613 1459 eum
638 1431 719 1459 esset
744 1428 829 1458 nihil
852 1429 939 1468 quod
965 1431 1174 1468 appeteretur
1193 1429 1305 1466 alieni,
1326 1439 1385 1460 nec
1407 1431 1486 1459 tem-

375 1486 536 1526 perantia,
568 1496 652 1526 quae
685 1489 807 1525 regeret
839 1495 902 1523 eas,
930 1495 1014 1525 quae
1038 1485 1152 1515 nullae
1176 1488 1291 1522 essent,
1316 1485 1484 1523 libidinem

376 1552 417 1572 ne
448 1542 623 1582 prudentia
657 1542 792 1582 quidem
827 1551 1005 1581 egeremus,
1042 1541 1134 1572 nullo
1170 1542 1292 1572 dilectu
1324 1542 1485 1582 proposito

375 1599 535 1629 bonorum
575 1601 605 1629 et
643 1598 816 1629 malorum.
852 1598 941 1628 Una
977 1598 1114 1638 igitur
1149 1607 1334 1629 essemus
1370 1598 1483 1629 beati

376 1655 627 1695 cognitione
657 1658 834 1686 naturae
858 1658 897 1685 ct
921 1655 1126 1692 seientia,
1151 1664 1231 1695 qua
1254 1654 1343 1685 sola
1367 1654 1484 1685 etiam

376 1712 542 1742 deorum
575 1715 633 1742 est
665 1712 755 1742 vita
787 1711 1003 1742 laudanda
1029 1709 1063 1752 1).
1087 1711 1144 1741 Ex
1175 1721 1254 1751 quo
1283 1711 1483 1751 intelligi

375 1771 683 1808 potest-cetera
715 1769 995 1799 necessitatis
1027 1778 1128 1806 esse,
1160 1778 1286 1798 unum
1318 1768 1388 1798 hoc
1418 1777 1483 1798 vo-

374 1824 621 1855 luntatis.''’'
652 1825 693 1854 Et
725 1825 815 1855 haee·
836 1824 966 1861 ultima,
999 1824 1118 1854 collata
1149 1834 1224 1855 cnm
1262 1823 1301 1854 iis
1338 1821 1422 1859 ηέστι
1454 1823 1484 1854 δὲ

375 1880 492 1912 παιδείκ
514 1892 556 1915 τις
580 1879 613 1915 ἦν
637 1881 693 1919 οὐχ
717 1881 753 1911 cb:
777 1882 919 1919 χρήσιμεν
943 1893 969 1911 κ.
990 1892 1016 1911 τ.
1039 1881 1089 1911 )..”
1110 1884 1141 1911 et
1161 1891 1208 1918 ea,
1231 1881 1290 1916 uin
1313 1881 1481 1912 beatorum

376 1937 503 1975 insulis,
536 1961 564 1968 ..
580 1961 608 1968 ..
640 1940 677 1968 ut
709 1937 839 1968 fabulae
872 1937 1006 1968 l'ernnt'’
1029 1938 1108 1968 satis
1136 1937 1168 1967 ni
1194 1937 1298 1974 fallor,
1323 1937 1482 1976 indicant,

373 1994 446 2034 quis
477 1993 625 2024 Ciceroni
658 1994 703 2024 sie
735 1994 975 2034 philosophiam
1010 1994 1211 2034 praedicanti
1235 1996 1350 2024 auctor
1373 1993 1482 2031 fuerit,

373 2051 501 2081 etiamsi
528 2050 594 2090 ipse
619 2060 682 2080 non
706 2053 788 2081 osset
812 2050 979 2093 professus,
1000 2053 1037 2081 ut
1057 2051 1142 2081 idem
1165 2050 1371 2090 Augustinus
1393 2050 1482 2081 testis

408 2174 426 2203 ¹)
447 2173 480 2197 De
496 2180 526 2196 va
543 2173 667 2197 ‚sententia
686 2173 709 2197 in
728 2171 894 2204 sequentibus
913 2180 1026 2204 agemus.
