1545 2651
876 328 913 357 14

339 420 447 456 ἀλκήν,
468 419 608 459 οὐδέτερεν
627 419 683 459 73⁴st
706 419 811 450 τούτων
833 418 939 458 ὁρῶμεν
962 419 1107 457 γινόμενῡν
1126 419 1158 450 ἐκ
1177 423 1230 455 τῆς
1250 423 1399 458 mua-1323?-
1421 417 1444 462 ¹)

339 477 469 508 λείπετκι
491 477 580 508 τοίνυν
600 477 666 516 πρὸς
686 476 737 512 τὴν
757 477 785 507 ἐν
803 479 839 512 τῆ
861 480 957 515 σχολῇ
977 476 1142 514 διαγωγήν,
1167 476 1206 512 εἷς
1230 475 1294 516 ἕπερ
1317 477 1372 519 (22)
1395 476 1446 509 :cxl

339 533 493 572 φκίνεντκι
523 531 701 572 παράγοντες
735 532 790 574 (ἓ)
823 532 921 568 αὑτήν.
947 531 980 568 ἣν
1003 532 1059 572 γὰρ
1082 531 1184 564 clavam
1207 532 1355 570 διαγωγὴν
1378 530 1447 564 εἶναι

339 593 394 620 τῶν
422 589 589 628 ἐλευθέρων,
621 589 650 620 ἐν
679 589 772 628 τκύτῃ
803 588 987 621 'tirrano-tv?
1012 590 1047 621 Id
1062 590 1204 621 -docetur
1227 600 1266 621 ex
1291 590 1445 628 Homero,

341 650 373 677 ct
402 646 610 678 concluditur
639 646 678 676 iis
707 646 824 684 verbis,
855 647 893 677 de
920 646 1038 687 quibus
1066 646 1133 677 iam
1162 646 1284 677 dudum
1308 647 1446 687 agimus.

341 703 378 733 In
411 703 450 733 iis
479 703 582 743 igitur
604 712 706 743 quum
730 703 797 733 iam
820 703 916 734 initio
940 703 1087 743 legamus
1112 713 1151 734 ex
1175 702 1360 743 precedenti
1384 702 1446 734 dis-

340 759 512 800 putatione
542 759 691 790 effectum
723 768 799 797 esse,
832 761 869 789 ut
898 759 1055 790 tradenda
1085 759 1127 790 sit
1150 759 1260 799 pueris
1283 758 1446 799 quaedam

341 825 405 846 non
437 815 618 846 necessaria
648 815 833 855 disciplina,
865 818 979 846 utrum
1010 818 1123 846 autem
1155 825 1223 846 una
1248 818 1379 846 tantum
1403 824 1445 846 an

340 871 459 911 plures,
480 874 511 902 et
533 871 559 901 si
584 871 703 912 plures,
727 871 841 911 quales
865 873 897 902 et
920 871 1090 911 quomodo,
1116 871 1262 902 nondum
1289 874 1446 910 constare,

341 927 443 967 deque
464 927 523 958 hac
542 927 733 967 quaestione
752 931 862 967 postea
879 928 1044 967 agendum
1065 937 1140 966 esse,
1161 928 1236 968 quis
1256 937 1322 958 non
1333 928 1447 958 statim

341 984 530 1015 admonitus
542 984 641 1023 videt,
650 984 750 1015 verba
762 985 810 1015 νῦν
823 983 853 1015 δὲ
865 986 998 1015 τοσοῦτον
1010 1007 1125 1015 ......
1140 987 1217 1015 ποιεῖ
1227 983 1312 1020 δῆλον
1324 984 1447 1015 claudi-

341 1043 470 1071 cantem
490 1041 689 1071 sententianl
710 1039 881 1072 exhibere?
902 1040 1081 1081 [Susemihl
1101 1051 1177 1072 cum
1191 1039 1446 1079 intel-uxpwpt'oev

341 1100 373 1128 et
391 1097 424 1127 ἐκ
444 1097 609 1137 interponi
628 1097 721 1128 iubet
743 1095 804 1138 (ἔτι
822 1098 854 1128 τὸ
866 1097 955 1128 nxz-bv
967 1097 1016 1128 οὐκ
1028 1095 1171 1139 ἐξεῖργεν)
1187 1097 1329 1129 ostendit
1341 1107 1374 1129 se
1387 1096 1447 1128 dif-

341 1154 524 1185 ficultatem
554 1164 618 1185 non
650 1155 729 1185 satis
760 1155 959 1194 pependisse.
989 1154 1104 1195 Neque
1129 1155 1218 1185 enim
1243 1154 1313 1185 fieri
1332 1155 1446 1194 potest,

342 1214 380 1242 ut
406 1211 540 1242 Aristot.
570 1211 658 1242 dicat
688 1211 937 1251 praemunitum
966 1211 1000 1242 id
1029 1211 1092 1242 sibi
1119 1220 1195 1249 esse,
1222 1210 1366 1246 '‘habere
1391 1219 1448 1241 nos

341 1267 569 1298 testimonium
591 1268 755 1308 quoddam
775 1267 966 1298 veterum’¹!
985 1265 1079 1306 Quod
1098 1267 1125 1297 si
1146 1266 1246 1297 Arist.
1268 1276 1333 1298 non
1349 1266 1448 1306 scrip-

340 1325 441 1362 sisset,
470 1324 558 1364 quod
589 1323 681 1355 nobis
711 1333 904 1364 persuasum
934 1326 991 1362 est,
1012 1323 1230 1364 (transpositis
1252 1322 1361 1354 verbis
1385 1319 1447 1360 περ)

340 1380 436 1411 αὐτῶν
468 1380 543 1410 vide
565 1389 596 1419 p.
623 1380 661 1410 12
685 1380 809 1421 notam)
844 1381 892 1410 νῦν
927 1379 957 1410 δὲ
1095 1378 1237 1414 amuda-1:
1272 1379 1298 1409 si
1320 1387 1449 1411 necesse

341 1446 407 1468 esse
437 1436 624 1467 credidisset
654 1438 798 1476 repetere
829 1436 862 1466 id
892 1435 978 1476 quod
1000 1436 1038 1467 in
1061 1435 1209 1476 proximo
1234 1434 1449 1475 praecidenti-

342 1493 402 1523 bus
433 1493 500 1523 iam
531 1492 626 1530 dixit,
657 1494 743 1523 certe
774 1502 838 1523 uon
864 1492 1056 1532 scripsisset:
1080 1489 1121 1522 ἔτι
1145 1490 1195 1522 xx}
1219 1490 1298 1529 πκρὲ
1320 1492 1376 1521 τῶν
1398 1489 1448 1530 ἀρ-

341 1548 435 1587 χαίων
534 1546 672 1587 ἐξεῖργον,
702 1549 758 1579 sed
788 1550 920 1578 tautum
950 1546 992 1578 ἔτι
1021 1547 1044 1578 οἱ
1073 1547 1194 1586 ἆρχκῑοι
1211 1538 1256 1578 ’τὸ
1287 1547 1376 1578 καλὸν
1399 1546 1449 1578 οὐκ

341 1603 490 1646 ἐξεῖργενῄ
516 1604 636 1644 Quodsi
662 1606 774 1635 autem
799 1604 875 1635 inde
899 1604 941 1634 ab
964 1602 1005 1634 ἔτι
1029 1603 1059 1634 δὲ
1079 1602 1130 1634 καὶ
1149 1603 1255 1644 legere
1275 1612 1450 1644 pergamus

342 1662 515 1693 verborum
551 1661 685 1701 quidem
717 1660 983 1700 conjunctionem
1017 1660 1176 1697 videmus,
1207 1659 1448 1690 sententiarum

343 1728 418 1749 vero
442 1727 564 1748 nexum
588 1726 687 1758 prope
716 1716 858 1747 nullum.
883 1716 1000 1756 Itaque
1023 1714 1242 1756 Conriugium
1267 1715 1339 1746 iure
1362 1714 1449 1746 lacu-

342 1784 460 1805 narum
491 1774 585 1813 signa
616 1772 664 1803 bis
695 1773 837 1813 posuisse
865 1772 1029 1802 arbitrans
1059 1771 1211 1812 equidem
1244 1781 1308 1802 non
1333 1770 1448 1802 dubito

341 1831 423 1870 quin
455 1830 556 1860 verba
585 1828 635 1860 κκὶ
666 1828 746 1867 mapa}
775 1830 831 1859 τῶν
861 1828 931 1867 ἀρχ.
965 1840 991 1859 κ.
1024 1839 1050 1858 τ.
1083 1835 1103 1858 λ
1143 1838 1246 1868 usque
1276 1828 1318 1858 ad
1347 1825 1389 1857 ἔτι
1418 1826 1449 1858 δὲ

341 1886 391 1917 ux)
435 1886 570 1917 librario
610 1885 772 1916 reddenda
805 1885 882 1923 sint,
917 1885 975 1925 qui
1009 1885 1055 1916 sic
1090 1885 1252 1916 iacturam
1288 1883 1447 1914 librorum

341 1943 447 1975 celare
478 1942 619 1974 voluisse
644 1942 784 1980 videtur,
807 1943 839 1972 et
861 1941 942 1981 quia
965 1941 1090 1971 insulsa
1112 1944 1191 1971 sunt
1213 1942 1245 1970 et
1268 1940 1392 1978 inania,
1416 1942 1449 1970 et

676 2062 691 2077 Ο

377 2134 396 2165 ¹)
415 2135 483 2162 Quae
506 2134 579 2157 omisi
604 2133 666 2157 mihi
693 2133 796 2164 quidem
820 2131 915 2156 scholia
936 2138 991 2155 esse
1018 2131 1142 2161 videmur,
1162 2130 1205 2154 sed
1225 2130 1271 2153 hoc
1289 2136 1338 2154 non
1357 2135 1447 2160 arguo:

343 2182 410 2203 rer-te
428 2180 546 2203 onumen-e
563 2179 641 2210 potui,
659 2179 719 2211 quia
737 2177 799 2202 nihil
817 2177 848 2202 ad
870 2184 914 2201 nos
932 2184 1000 2201 nunc
1017 2176 1128 2208 quidem.
