1545 2651
418 857 845 898 PRAEFATIO.

119 1158 277 1189 Editurus
299 1158 464 1198 specimen
485 1158 542 1188 hoc
562 1157 759 1197 inaugurale
779 1158 820 1187 ad
838 1166 982 1187 summos
1002 1157 1036 1186 in
1058 1155 1187 1186 Facult.

76 1215 161 1245 Phil.
191 1215 306 1246 Theor.
339 1217 371 1245 et
402 1215 480 1246 Litt.
513 1214 614 1245 Hum.
644 1214 704 1244 rite
736 1216 768 1244 et
799 1214 948 1254 legitime
972 1212 1186 1253 acquirendos

75 1272 220 1310 honores,
234 1281 339 1312 pauca
353 1271 523 1309 habebam,
537 1281 621 1311 quac
634 1271 876 1310 praemonenda
889 1270 971 1300 mihi
985 1270 1187 1300 viderentur.

75 1329 117 1359 Et
148 1329 294 1369 primum
328 1329 462 1369 quidem
495 1329 522 1358 si
547 1337 603 1367 per
626 1338 675 1358 res
699 1338 787 1358 meas
812 1327 894 1357 mihi
920 1327 1073 1364 licuisset,
1104 1326 1189 1356 hane

76 1386 348 1422 dissertationem,
369 1386 469 1416 donec
492 1385 625 1425 ingenio
651 1394 721 1415 11100
745 1384 890 1414 firmiora
911 1383 1077 1414 doetrinae
1098 1382 1189 1412 adiu-

76 1446 189 1473 menta
216 1442 425 1482 quaesissem,
448 1444 485 1471 ut
506 1440 646 1480 πκρῧένεν
664 1440 868 1478 κκτεὲκ).ῃστεν
889 1441 977 1471 domi
1000 1440 1188 1470 tenuissem.

76 1498 162 1529 Nam
187 1508 264 1529 eum
282 1499 396 1539 cogito,
419 1499 457 1529 110
477 1508 542 1538 quo
565 1498 667 1528 nobili
685 1498 841 1538 scriptore
861 1497 994 1537 egerim,
1017 1497 1189 1527 vehemen-

77 1556 200 1586 tissime
229 1556 342 1585 animo
371 1565 576 1586 commoveor
592 1557 624 1585 et
644 1555 858 1585 contremiseo
879 1564 930 1591 ne,
952 1553 1031 1583 dum
1052 1552 1190 1593 philoso-

76 1612 216 1652 phorum
249 1612 391 1651 principi
423 1612 537 1642 critice
568 1612 731 1642 studuisse
755 1611 859 1641 videri
887 1610 1059 1648 voluerim,
1086 1612 1118 1640 et
1142 1609 1190 1639 in-

76 1670 188 1700 doctus
209 1672 241 1700 et
264 1669 456 1709 imprudens
480 1670 603 1699 videar.
628 1669 698 1699 Hac
723 1671 836 1699 autem
861 1668 975 1698 critica
1000 1669 1080 1704 arte,
1100 1676 1191 1706 prae-

76 1726 189 1756 sertim
219 1726 245 1756 si
277 1726 352 1766 quis
384 1728 495 1765 peccat
528 1726 561 1755 in
593 1725 781 1765 gravissimi
810 1725 976 1764 scriptoris
1004 1732 1108 1763 opere,
1132 1723 1190 1762 qui

77 1782 321 1822 imprudentiae
334 1793 408 1813 reus
423 1783 466 1820 fit,
482 1792 522 1813 110
535 1781 762 1821 impudentiae
775 1781 910 1821 quidem
928 1780 1053 1810 crimen
1068 1779 1191 1810 evitare

78 1839 232 1878 potuerit.
266 1839 382 1878 Itaque
416 1849 482 1869 11110
514 1840 645 1868 tuntum
677 1838 792 1868 solatio
824 1855 867 1859 --
891 1837 917 1867 si
945 1839 1055 1866 tumen
1080 1838 1125 1865 est
1149 1853 1191 1856 —

77 1896 291 1926 confirmatus
316 1905 400 1932 sum,
425 1895 511 1935 quod
537 1894 779 1924 dissertationes
804 1892 1016 1933 intingui-ales
1040 1892 1105 1922 fere
1126 1901 1191 1922 11011

79 1951 240 1991 legantur,
265 1951 427 1991 quodque,
451 1951 477 1981 si
502 1960 587 1991 quae
608 1951 747 1990 legatur,
770 1960 834 1980 non
857 1952 925 1980 tam
946 1948 1060 1988 quaeri
1081 1948 1192 1985 soleat,

78 2008 159 2047 qnid
175 2007 297 2037 dixerit
315 2010 437 2045 auctor,
457 2017 558 2047 quam
580 2007 661 2046 quid
682 2007 717 2036 in
735 2009 910 2046 posterum,
935 2005 1064 2035 viribus
1091 2014 1193 2035 corro-

78 2064 210 2102 boratis,
241 2063 437 2103 promiserit.
467 2063 515 2093 Sit
543 2063 647 2103 igitur
675 2063 753 2093 haee
773 2072 904 2102 quoque
923 2061 1017 2101 quasi
1045 2060 1134 2091 obses
1162 2062 1194 2091 et

78 2120 232 2151 Aeadem.
255 2120 446 2160 Lugd.-Bat.
468 2122 500 2150 et
523 2119 651 2160 patriae
682 2119 916 2156 aulatissimae,
939 2127 990 2147 me
1011 2117 1060 2147 ita
1073 2116 1193 2147 litteris

79 2177 227 2216 antiquis
258 2177 291 2206 in
317 2177 433 2216 primis
459 2176 591 2206 Graecis
614 2185 746 2215 operam
771 2184 837 2206 esse
856 2175 1025 2211 daturum,
1050 2174 1088 2203 ut
1111 2173 1194 2203 veri-

1054 2228 1061 2246 l

1000 2271 1014 2288 Q
