1545 2651
346 419 419 456 rim,
443 419 470 449 si
496 418 590 449 modo
616 418 766 455 vide-rim,
792 428 857 449 non
886 423 1017 449 tuntum
1043 419 1119 450 inde
1143 425 1191 450 est
1215 420 1348 458 factum,
1369 419 1455 461 quod

345 486 402 515 ego
435 478 467 505 ct
493 475 563 506 eius
587 478 619 506 ct
642 474 784 505 aliorum
810 475 956 506 virorum
981 475 1151 506 doctorum
1174 477 1456 508 dissertationibus

345 532 394 562 uti
438 531 626 571 potuissem,
661 531 715 562 sed
751 531 826 562 inde
863 532 995 562 fortasse.
1031 532 1064 562 in
1100 533 1225 573 primis,
1261 533 1347 573 quod
1383 533 1456 574 plus

343 588 509 618 auderem.
541 586 626 617 Nam
651 597 726 618 cum
752 587 820 627 ipse
844 588 1038 628 Spcngciius
1061 593 1250 629 agnosceret
1273 589 1455 629 deplorabi-

345 644 410 675 lem
442 653 508 674 esse
540 644 657 674 horum
692 643 850 674 librorum
882 645 1115 682 conditionem,
1145 655 1249 685 caque
1278 655 1353 676 eum
1377 645 1456 677 adeo

346 703 499 738 moveret,
526 703 571 738 ut,
595 700 738 740 exempli
763 701 868 741 gratia
894 701 1006 740 (Arist.
1031 702 1121 732 Stud.
1147 702 1195 732 111
1221 700 1244 742 ¹)
1270 712 1299 742 p.
1327 703 1378 742 75)
1402 702 1455 733 vel

347 757 509 788 nonnulla
532 757 648 797 probet
670 757 777 788 sedem
802 767 895 787 suam
922 763 1063 788 mutasse
1082 758 1115 788 in
1134 758 1218 788 libro
1240 758 1288 788 111
1309 758 1351 798 (p.
1373 758 1454 790 1287

346 816 378 845 et
416 814 511 854 1:380)
556 816 666 844 tamen
708 814 748 844 ad
790 824 862 844 eam
899 814 1003 854 ipsam
1043 815 1304 846 dissertationem
1340 815 1457 855 (latine

345 870 574 910 conscriptam)
601 871 679 901 haec
705 869 914 910 (germanice)
935 871 1069 902 adiecit:
1092 871 1192 906 uMan
1215 872 1278 902 had
1299 872 1381 903 nach
1401 872 1458 903 der

347 926 537 957 bekannten
573 926 855 967 Ueberliet'erung,
891 926 963 957 dass
993 927 1045 958 dic
1076 928 1238 958 Schriften
1271 928 1325 958 des
1356 928 1456 959 Arist.

347 983 533 1014 vermodert,
566 983 601 1013 in
635 983 743 1014 ciuem
779 982 890 1014 Keller
923 983 1146 1024 aufgefunden
1182 985 1324 1021 worden,
1358 984 1457 1015 schon

346 1040 443 1080 lange
467 1039 583 1080 gerade
608 1049 725 1070 unsere
749 1039 873 1070 Politik
898 1039 998 1070 durch
1025 1040 1201 1071 Annahmc
1224 1041 1385 1071 aut'diese
1397 1040 1459 1071 Art

346 1096 562 1127 entstaudenc
594 1096 729 1127 Liicken
753 1096 826 1126 dem
853 1095 1104 1127 Verstiindnisse
1128 1097 1231 1127 nither
1253 1107 1293 1127 zu
1319 1097 1457 1138 bringen

345 1153 490 1192 gcsucht.
527 1152 586 1184 Die
619 1155 751 1183 neuestc
781 1152 851 1184 Zeit
884 1154 940 1183 hat
973 1163 1040 1183 nun
1073 1153 1157 1183 auch
1181 1153 1243 1184 den
1268 1153 1457 1194 Antipoden

345 1209 450 1240 dieser
470 1209 583 1239 Kritik
603 1209 755 1249 gliiklich
775 1209 1067 1249 herausget'unden,
1082 1210 1144 1240 den
1159 1209 1386 1250 interpolator.
1406 1234 1413 1241 .
1428 1235 1434 1241 .
1450 1234 1456 1240 .

346 1265 507 1296 Manchen
540 1275 616 1306 mag
647 1276 679 1296 es
709 1266 844 1306 giiustig
874 1266 1028 1296 stinnnen
1056 1267 1122 1296 und
1147 1276 1220 1296 zum
1247 1266 1363 1297 Bcit'all
1388 1276 1458 1297 ver-

346 1321 472 1360 locken,
504 1332 602 1352 wenn
627 1332 661 1353 er
683 1322 777 1360 sieht,
803 1322 866 1353 wie
892 1322 997 1353 hiel-in
1022 1322 1250 1353 vcrschiodcuc
1274 1322 1453 1354 Gelehrten

347 1378 562 1419 unabhiingig
586 1388 649 1409 von
674 1378 727 1409 ein
749 1379 852 1409 ander
874 1389 914 1409 zu
939 1378 1124 1409 demselbcn
1154 1379 1323 1410 Resultate.
1347 1379 1458 1420 gelan-

347 1444 419 1475 gen.
445 1459 452 1466 .
468 1459 474 1466 .
490 1459 496 1466 .
521 1434 616 1466 Ohnc
640 1435 691 1466 dic
715 1435 907 1466 Vei-dienste
923 1435 1049 1466 solchcr
1067 1435 1243 1466 Gelehrten
1261 1436 1321 1466 aus
1337 1435 1458 1467 diesem

347 1492 482 1523 Gebiote
515 1492 630 1532 irgend
661 1492 724 1523 wie
755 1502 794 1522 zu
826 1492 1028 1530 verkenueu,
1062 1492 1152 1522 kann
1185 1492 1237 1523 ich
1261 1492 1342 1523 doch
1366 1493 1459 1524 nicht

348 1558 402 1578 uni
424 1549 481 1579 hin
500 1559 539 1579 zu
559 1549 723 1589 gestehcn,
745 1549 817 1579 dass
836 1549 888 1579 ich
910 1549 970 1579 mit
989 1549 1080 1579 einer
1099 1549 1285 1589 derartigen
1306 1549 1458 1590 Hyper-

348 1605 487 1636 kritik
514 1606 600 1636 mich
626 1606 718 1636 nicht
741 1615 780 1635 zu
807 1605 1006 1636 hesi-eunden
1033 1615 1177 1646 vei-mag,
1203 1605 1286 1636 ctc.¹’

391 1662 454 1693 Hic
479 1662 580 1702 igitur
604 1662 752 1702 loquitur
771 1662 822 1692 vir
843 1662 882 1693 cl.
904 1663 998 1702 quasi
1022 1672 1127 1702 neque
1149 1666 1215 1692 tam
1239 1663 1358 1693 misera
1377 1665 1459 1694 esset

347 1719 559 1749 Politicorum
595 1719 748 1757 conditio,
785 1728 891 1759 nequo
926 1719 1093 1749 Strabonis
1126 1719 1272 1750 narratio
1305 1719 1375 1750 ulla
1398 1719 1459 1750 fide

347 1775 456 1815 digna.
493 1774 557 1806 Nos
591 1779 720 1813 autem,
754 1778 791 1805 ut
822 1775 923 1806 etiam
956 1776 1135 1813 videmnus,
1167 1775 1370 1815 quomodo
1401 1775 1459 1807 ille

347 1832 592 1862 consarcinator
612 1835 759 1862 versatus
778 1832 821 1862 sit
842 1832 875 1861 in
899 1832 989 1862 libris
1002 1832 1280 1869 cons-11-ci1mndis,
1295 1832 1458 1871 paucain-

347 1898 445 1928 super
467 1891 664 1928 argumenta
688 1888 728 1918 ad
753 1891 897 1918 nostram
923 1887 1124 1928 probandum
1149 1888 1358 1926 sententiam,
1378 1888 1458 1918 adii-

348 1945 472 1975 ciemus
496 1948 528 1975 ot
547 1945 691 1985 prinmm
712 1945 861 1975 dicamus
881 1945 919 1975 de
942 1944 1018 1982 loco,
1039 1954 1136 1984 quom
1159 1945 1296 1974 damnat
1315 1948 1347 1975 et
1367 1945 1459 1976 Suse—

350 2001 431 2031 mihl
453 2002 486 2031 in
505 2001 742 2039 dissertatione,
761 2011 845 2041 quae
864 2001 1072 2031 inscribitur:
1090 2002 1173 2039 „das
1187 2001 1290 2032 vici-te
1304 2001 1460 2042 richtiger

382 2131 400 2161 1)
422 2131 545 2156 Abhanidl.
564 2133 608 2156 der
626 2132 686 2162 phil.
708 2132 792 2163 philol.
812 2131 847 2156 (Ἰ.
866 2132 910 2155 der
930 2131 989 2155 lx'on.
1010 2132 1109 2163 [haya.
1131 2131 1207 2156 Akad.
1230 2131 1274 2155 dez·
1295 2131 1370 2155 Wiss.
1383 2131 1410 2155 13.
1425 2130 1459 2155 XI

350 2176 369 2199 n
389 2176 464 2200 Abin.
483 2184 505 2208 p.
525 2176 646 2201 53—1113.
