1545 2651
591 340 628 371 15

53 434 133 474 quia
155 433 293 465 verbum
316 435 400 464 τοῦτο
425 434 510 464 1111111
537 434 643 471 habet,
675 434 716 464 ad
741 434 827 474 quod
852 434 993 474 respicit.
1015 432 1100 464 Nam
1125 443 1166 473 ne

55 500 178 521 novum
197 490 332 530 quidem
352 489 482 530 aliquid
502 491 541 520 iis
562 490 668 521 verbis
684 490 863 521 verisimile
877 494 923 521 est
937 490 978 520 ab
991 489 1166 520 Aristotele

54 546 122 586 ipso
142 546 190 576 ita
208 555 274 577 esse
292 546 453 584 additum,
473 546 523 586 (ut
547 546 744 585 Conringius
768 547 941 577 credidisse
962 547 1105 586 videtur)
1130 548 1167 576 ut

54 605 125 643 post
143 601 300 641 μαρτυρίαν
319 602 474 633 lacunam
492 605 687 640 statuamus,
711 613 787 633 nam
811 606 888 633 tuuc
908 603 1042 633 dixisset
1062 600 1103 632 ἔτι
1116 601 1166 632 xx)

53 658 138 694 τήνδε
167 669 199 689 π.
231 670 257 689 τ.
289 658 359 698 ἁρχ.
393 657 502 697 ἔχεμεν
526 658 681 697 μκρτυρίκν
706 659 758 689 vel
783 659 892 689 simile
916 660 1007 699 quid,
1032 659 1167 690 omniuo

54 718 167 746 autem
187 718 293 747 totum
310 716 433 747 redolet
447 716 553 746 nescio
566 716 727 756 quomodo
740 716 950 747 sedulitatem
964 716 1167 747 scholiastae.

98 772 280 804 Videamus
307 782 391 812 qnae
413 775 609 813 sequuntur.
637 771 690 813 [ἔτι
715 772 744 802 δὲ
765 771 851 813 κκὶὲ]
874 773 928 802 τῶν
949 772 1101 810 χρησίμων
1117 796 1123 802 .
1138 796 1144 802 .
1160 796 1167 802 .

55 827 161 868 ἑτέραις.
192 829 277 860 Utut
309 829 446 859 initium
473 829 572 859 huius
596 829 719 869 periodi
745 832 824 866 erat,
851 830 908 859 hoc
932 832 1017 859 certe
1041 839 1080 860 ex
1106 829 1169 869 pri-

55 895 108 916 ore
133 888 224 926 parte
248 886 462 916 manifestum
491 888 547 924 cst,
572 886 687 925 philos.
711 886 742 916 id
763 896 867 925 agore,
891 889 926 916 ut
947 886 1069 923 doceat,
1092 886 1170 925 ipsis

55 942 123 972 illis
146 942 340 982 disciplinis,
365 951 381 973 e
409 942 531 982 quibus
553 942 681 972 utilitas
707 943 800 972 varia
824 943 1014 982 percipitur,
1041 952 1104 972 non
1129 941 1169 972 01)

55 1008 128 1029 eam
157 1000 289 1028 tantum
314 1008 447 1028 eausam
472 998 577 1028 imbui
602 1008 718 1038 pueros
741 998 861 1035 deberi,
887 999 940 1029 sed
965 999 1066 1028 etiam
1087 998 1168 1038 quia

56 1054 185 1094 pulchri
207 1055 400 1094 honestique
423 1064 535 1085 sensus
558 1055 598 1084 iis
622 1058 768 1094 paratur.
793 1055 844 1085 Sic
869 1058 980 1086 autem
1005 1055 1170 1085 sententia

56 1111 126 1151 ipsa
154 1120 220 1142 non
252 1111 471 1149 concluditur,
502 1112 557 1142 sed
584 1111 759 1151 posteriore
781 1116 882 1151 parte,
914 1121 1170 1151 quamquam

58 1167 196 1197 minus
226 1167 439 1197 distinete
469 1170 508 1198 et
536 1167 720 1207 copiose,
757 1167 854 1207 plane
886 1168 972 1198 idem
998 1167 1171 1208 profertur,

57 1223 144 1264 quod
173 1223 242 1253 iam
272 1223 385 1254 eadem
409 1223 532 1263 pagina
555 1223 706 1263 legimus.
731 1223 818 1262 (vide
841 1233 940 1263 supra
964 1233 995 1263 p.
1023 1223 1071 1253 13.
1096 1233 1127 1254 v.
1153 1224 1172 1252 3

57 1279 99 1310 ab
114 1279 205 1320 imo.)
218 1279 302 1319 Ergo
315 1279 368 1310 hic
387 1288 519 1319 quoque
538 1279 694 1309 lacunam
715 1279 802 1309 male
823 1279 988 1319 expletam
1010 1279 1171 1317 videmus,

57 1335 343 1376 Conringiumque
375 1335 559 1373 laudamus,
591 1335 648 1375 qui
681 1335 907 1375 supplemento
940 1336 1000 1366 isto
1029 1345 1094 1366 non
1127 1339 1174 1366 est

57 1392 220 1432 deeeptus,
244 1392 299 1422 sed
322 1401 435 1422 rursus
459 1392 641 1422 orationem
666 1401 818 1421 mancam
839 1401 904 1422 esse
924 1391 1064 1421 notavit.
1086 1392 1172 1422 Ean-

59 1449 132 1479 dem
156 1448 299 1488 denique
322 1448 472 1479 fraudem
495 1448 597 1479 etiam
623 1448 669 1478 ibi
690 1448 974 1488 deprehendimus,
996 1448 1054 1478 ubi
1076 1447 1173 1479 Conr.

60 1504 200 1546 (quater)
225 1505 375 1536 stellulas
397 1505 505 1545 posuit
528 1508 606 1535 ante
629 1503 689 1534 ἐπεὶ
714 1504 743 1534 δὲ·
767 1504 897 1543 φκνερὲν.
924 1504 1020 1535 Nam.
1049 1504 1131 1535 1337
1155 1514 1175 1534 a

61 1561 101 1591 38
121 1561 155 1592 1(1
176 1562 286 1602 ipsum
310 1562 346 1592 iu
369 1562 510 1592 dubium
534 1564 679 1598 vocatur,
706 1561 792 1601 quod
816 1561 868 1591 hio
892 1571 949 1601 pro
973 1564 1060 1591 certo
1084 1560 1175 1600 poni-

62 1620 125 1656 tur,
155 1619 248 1659 prius
280 1628 383 1650 mores
410 1628 586 1658 puerorum
615 1618 800 1648 formandos
823 1627 888 1648 esse
915 1627 1016 1657 quam
1041 1617 1176 1657 ingenia

61 1677 94 1706 et
121 1684 254 1715 corpora
284 1678 362 1705 ante
392 1677 528 1712 mentes,
560 1684 667 1714 neque
700 1677 811 1704 tamen
842 1674 968 1704 interea
992 1673 1175 1713 quidquam

61 1741 81 1762 a
109 1731 301 1772 philosopho
330 1731 496 1771 prolatum
521 1740 587 1761 esse
612 1730 788 1767 ceruimus,
815 1730 902 1760 unde
927 1730 1059 1759 tandem
1085 1739 1177 1760 neco-

62 1788 175 1828 pinato
198 1788 232 1818 id
255 1788 358 1818 edocti
382 1788 552 1818 fuerimus.
578 1786 630 1816 An
655 1796 694 1817 ex
715 1786 765 1823 iis,
785 1795 870 1825 quae
890 1785 987 1825 plane
1009 1785 1085 1815 huic
1110 1785 1177 1815 loco

62 1844 172 1875 aliena
192 1847 271 1874 sunt
293 1843 347 1879 ητὸ
370 1843 400 1874 δὲ
423 1843 521 1881 ζητεῖν
544 1854 570 1873 κ.
596 1854 622 1873 τ.
647 1842 693 1874 λδὲ
717 1842 851 1872 Etenim
872 1851 979 1881 neque
1000 1842 1034 1871 in
1054 1841 1177 1881 superi-

63 1901 173 1932 oribus
203 1909 310 1940 neque
342 1900 377 1929 in
401 1900 509 1939 eapite
533 1902 689 1938 sequente
714 1899 753 1928 de
778 1907 816 1928 ea
840 1898 951 1937 agitur
975 1898 1176 1937 quaestione,

63 1957 144 1997 quid
174 1959 290 1997 aptum
321 1957 364 1986 sit
394 1959 455 1990 τσῖς
486 1954 712 1993 μεγκ).σψύχσις
743 1953 793 1984 xx}
825 1956 882 1988 ταῖς
912 1952 1077 1992 ἐλευθερίοις
1104 1952 1178 1994 (vel

64 2012 275 2055 ἐλευθέροιςῗ),
299 2013 353 2044 sed
378 2013 459 2053 quid
482 2012 697 2042 sanciendum
720 2011 763 2041 sit
787 2020 807 2041 a
831 2010 1016 2051 legislatore
1042 2011 1076 2040 iu
1102 2019 1178 2049 pue-

65 2070 109 2100 ris
134 2069 358 2100 instituendis.
378 2068 494 2108 Itaque
518 2078 560 2098 ne
585 2068 619 2097 in
644 2067 685 2096 iis
710 2067 855 2106 quidem,
880 2076 964 2106 quae
988 2067 1116 2103 desunt,
1140 2067 1179 2097 de

65 2126 132 2156 alia
162 2126 354 2166 quaestione
385 2126 486 2165 egisse
512 2124 744 2164 philosophum
768 2123 949 2154 verisimile
974 2126 1031 2153 est.
1056 2121 1178 2162 Quodsi

66 2186 98 2214 et
126 2183 196 2225 ipsa
226 2183 327 2214 verba
357 2184 389 2213 et
420 2181 502 2212 falsa
532 2190 645 2212 eornm
677 2180 826 2220 gradatio
864 2179 1113 2219 „magnanimis
1147 2182 1179 2210 et
