1545 2651
847 312 865 338 S

308 406 456 437 videatur
480 406 537 435 hoc
561 404 695 443 longum
721 407 856 444 tempus,
881 404 907 434 is
932 404 1120 435 meminerit
1143 414 1182 436 ea.
1205 405 1318 436 onmia
1338 415 1408 446 pro-

309 462 382 492 ferri
402 462 443 492 ab
462 460 677 500 hominm-„qni
700 460 733 490 in
748 469 784 490 eo
797 469 914 499 genere
928 470 1036 491 rerum
1050 463 1220 501 propterea.
1233 461 1408 500 habitavit,

307 518 390 558 quod
419 517 507 557 prius
530 526 630 556 quam
654 516 694 546 ad
718 516 953 546 absolvendum
977 526 1059 556 opus
1081 526 1113 548 se
1137 517 1321 557 accingeret
1343 527 1411 549 0111-

309 574 364 604 nia
393 573 643 611 diligentissime
673 572 938 612 perlustraverat,
962 582 1046 612 quae
1066 573 1106 604 de
1124 573 1248 612 optimo
1267 573 1408 614 reipubl.

306 634 391 660 statu
421 639 440 659 a
469 628 666 669 philosophis
689 628 811 668 scripta
832 632 936 666 erant,
961 638 1192 669 summamque
1216 638 1348 669 operam
1372 630 1408 661 in

306 685 495 725 colligendis
527 685 652 724 legibus
675 685 869 724 populorum
896 687 963 715 tam
989 684 1186 716 Graecorum
1211 695 1314 726 quam
1337 686 1409 718 bar-

307 742 456 772 barorum
481 740 662 781 posuerat.”

351 798 429 828 Ecce
456 798 556 837 igitur
578 797 818 836 philosophum,
842 807 906 837 quo
930 807 1026 828 nemo
1051 798 1138 828 inter
1164 798 1318 830 mortales
1337 799 1410 830 doe-

307 854 377 890 tior,
408 864 503 883 nemo
533 853 660 883 acutior
691 853 799 890 suerit,
825 854 880 893 qui
907 863 1016 884 rerum
1039 854 1250 895 publicarum
1274 858 1409 886 eentum

305 914 337 939 et
367 910 608 950 quinquaginta
638 912 708 939 octo
739 909 943 950 descripserit
969 910 1202 948 institutiones,
1227 914 1410 952 praecepto—

306 976 370 996 rem
404 965 582 996 Alexandri
614 965 726 1005 Magni
758 966 796 996 de
827 965 976 996 doctrina
1007 967 1053 996 rei
1085 967 1238 1007 publicae
1270 977 1328 1008 per
1354 978 1409 999 sex

305 1021 369 1060 (vel
401 1022 501 1052 etiam
533 1031 590 1061 per
620 1022 740 1062 viginti
765 1023 879 1062 annos)
905 1022 1101 1054 scribentem
1127 1026 1260 1064 tamque
1282 1024 1409 1063 stolide,

307 1083 339 1108 nt
365 1079 455 1118 prius
478 1088 578 1118 quam
603 1078 817 1110 consuluisset
840 1079 1008 1120 inceperit,
1032 1083 1064 1111 et
1087 1080 1144 1110 ubi
1170 1081 1236 1111 iam
1262 1081 1410 1120 finiisset,

306 1134 466 1164 nonnulla
503 1134 554 1164 vel
585 1135 803 1175 discrepantia
833 1136 1006 1174 addiderit,
1036 1146 1137 1176 quum
1172 1147 1212 1168 ne
1245 1137 1411 1178 relegisset

305 1191 435 1231 quidem
466 1200 548 1230 (piae
578 1194 676 1221 antea
705 1192 886 1236 scripserat,
917 1195 954 1222 ut
983 1193 1091 1224 caveri
1123 1197 1228 1234 posset
1258 1204 1299 1225 ue-
1329 1195 1410 1235 quid

306 1257 379 1276 cuin
412 1247 504 1277 novis
534 1247 600 1276 illis
632 1247 741 1277 minus
766 1252 841 1288 apte
870 1249 1068 1280 cohaereret!
1100 1249 1160 1280 Sed
1186 1250 1235 1280 sac
1259 1250 1410 1291 exempla

308 1302 365 1332 illa
397 1303 549 1333 historica
579 1321 622 1325 —
653 1313 736 1343 quac
768 1309 875 1335 tamen
910 1315 967 1335 nos
997 1305 1073 1335 aliis
1101 1315 1230 1346 quoque
1253 1316 1293 1338 ex
1315 1317 1410 1347 argu-

308 1359 425 1389 mentis
456 1359 599 1389 insiticia
630 1369 695 1390 esse
727 1354 800 1390 mox
830 1360 1041 1400 probabimus
1064 1379 1106 1383 —
1129 1371 1195 1392 non
1219 1362 1286 1392 iam
1311 1362 1352 1393 ob
1376 1363 1410 1394 id.

308 1414 410 1454 ipsum
443 1415 629 1445 damnanda
662 1425 737 1453 esse,
770 1417 852 1456 quod
885 1417 972 1447 inter
993 1426 1025 1447 se
1048 1427 1112 1448 non
1136 1421 1334 1457 congruant:
1359 1418 1410 1450 fac

307 1470 407 1508 igitur
435 1481 473 1500 ex
506 1471 546 1501 iis
575 1471 703 1510 probari
735 1481 834 1512 posse,
867 1472 966 1503 Arist.
997 1482 1054 1513 per
1083 1483 1139 1505 sex
1169 1483 1272 1505 annos
1301 1475 1336 1505 in
1368 1474 1410 1505 iis

307 1526 407 1563 libris,
440 1527 642 1566 negligenter
673 1532 793 1566 tamen,
825 1530 1067 1561 conscrilaendis
1091 1531 1197 1568 fuisse,
1221 1531 1274 1562 vel
1296 1532 1323 1562 si
1348 1532 1410 1563 hoc

304 1583 445 1622 spatium
477 1584 648 1621 angustius
678 1585 808 1615 videtur
831 1586 881 1617 sac
905 1596 961 1626 per
985 1587 1116 1627 viginti,
1141 1605 1184 1610 ——
1209 1591 1245 1618 ut
1269 1588 1408 1629 discipu·

306 1637 372 1667 lum
396 1638 428 1668 in
450 1638 677 1679 Aristophanis
696 1640 780 1671 Nuh.
807 1641 987 1680 imitemur,
1010 1643 1042 1673 τὸ
1064 1645 1192 1682 πρᾶγμα
1214 1641 1409 1681 τούξημβλω-

304 1693 386 1730 pes-acu
412 1699 519 1725 tamen
547 1696 729 1734 reserentes,
756 1698 848 1728 modo
873 1702 909 1729 ut
933 1699 990 1730 ille
1013 1699 1104 1739 prins
1127 1700 1326 1731 cavei-imus:

479 1751 572 1785 ,μέλλ’
598 1752 628 1782 εὖ
651 1751 739 1789 θέμις
763 1771 804 1775 --
828 1757 888 1787 τοῖς
913 1753 1099 1791 μαθηταῖσιν
1122 1755 1216 1793 ὶέγειν

478 1825 543 1841 u-
568 1825 610 1829 —
636 1808 750 1845 νομίσαι
774 1807 804 1839 δὲ
826 1811 925 1840 rain
948 1810 1006 1849 χρὴ
1031 1811 1208 1850 μυστκζρικ.”

304 1862 350 1892 l'ac
383 1862 483 1900 igilur
513 1863 611 1894 Arist.
643 1875 722 1904 opus
751 1876 846 1896 suum
881 1867 1107 1906 imperfectum
1141 1868 1320 1908 reliquisse,
1350 1869 1407 1907 ita,

303 1921 334 1946 ul
368 1924 453 1948 cerie
487 1919 641 1959 usingula
671 1922 830 1960 quaedam
864 1923 975 1953 minus
1004 1926 1079 1963 apte
1103 1924 1296 1956 cohaerere’'
1320 1925 1409 1956 vide-

303 1983 423 2003 remus:
454 1984 538 2014 qum}
571 1979 679 2006 lamen
712 1987 829 2017 quaeso
863 1979 1061 2010 verecundia
1091 1984 1138 2011 est
1163 1981 1197 2010 in
1223 1981 1408 2022 philosophi

303 2039 429 2066 nonwn,
460 2031 574 2061 deletis
605 2032 798 2064 lac-nmirum
830 2035 943 2075 signis,
980 2036 1067 2075 quod
1103 2037 1330 2077 imperfectum
1366 2037 1409 2069 ab

303 2085 368 2124 ipso
395 2090 439 2116 cst
473 2088 634 2125 relictum,
665 2090 695 2119 id
721 2091 898 2129 perfectum
924 2095 956 2122 et
980 2092 1167 2123 absolutum
1192 2103 1258 2124 esse
1281 2097 1407 2124 contor-

301 2142 428 2178 quendo
461 2143 649 2174 defendere?
685 2145 806 2176 Verum
841 2150 907 2177 tota
939 2147 1130 2192 illabGijttl.
1163 2149 1407 2189 argumentatio
