1545 2651
867 297 902 326 lo

326 399 392 419 non
424 388 648 429 praecludenti
676 388 861 428 philosophi
896 389 998 429 ipsius
1031 389 1140 426 morti,
1170 390 1225 420 sed
1251 394 1435 430 temporum

325 445 470 476 iniuriae
501 444 712 476 tribuendum
746 454 813 475 esse
844 447 974 476 censeat
1006 442 1040 485 ¹),
1074 454 1140 475 non
1165 448 1290 477 exstare
1313 447 1436 487 gravis-

326 502 424 532 simas
458 500 532 531 illas
566 501 782 541 quaestiones,
816 501 854 532 de
891 501 1013 542 quibus
1044 502 1165 541 passim
1196 502 1373 542 pollicetur
1402 513 1436 534 se

326 561 437 598 postea
477 566 543 588 esse
577 560 742 588 acturum.
778 556 990 598 Quamquam
1025 557 1077 588 hic
1113 557 1250 588 forsitan
1290 558 1435 589 dubitari

327 613 481 651 licuisset,
512 613 593 654 quia
622 623 727 653 quum
756 613 845 653 ipsae
867 613 1074 654 quaestiones
1098 613 1267 644 communi
1291 614 1434 654 quodam

325 672 358 701 et
387 670 527 700 arctiore
559 669 693 701 vinculo
725 670 888 701 contineri
918 670 1098 708 videamus,
1131 670 1191 700 toti
1215 670 1292 701 libri
1317 671 1436 711 perisse

325 727 454 757 (licendi
479 726 574 757 nobis
595 729 673 757 sunt
696 724 731 766 2).
757 725 879 765 Quodsi
901 728 1011 757 tamen
1033 726 1117 757 hanc
1136 726 1345 766 potissimum
1364 736 1434 758 sen-

327 783 465 814 tentiam
489 782 614 822 probat,
636 785 722 813 certe
744 782 814 822 ipsa
838 782 999 813 librorum
1020 782 1208 814 conditione
1228 782 1268 813 ad
1291 791 1364 813 eam
1387 785 1436 813 est

325 839 493 870 adductus.
524 839 566 869 Et
597 839 738 879 profecto
771 838 842 879 (1.1.)
875 839 981 879 pergit
1011 839 1067 876 sic,
1099 841 1136 869 ut
1168 839 1266 878 plane
1297 838 1433 870 eandem

325 895 524 926 sententiam
557 895 698 935 proferre
728 894 932 926 videatur
962 904 1064 935 quam
1092 904 1150 925 nos
1179 904 1278 935 supra
1302 897 1341 925 ut
1363 904 1435 926 nos·

327 955 410 982 tram
435 952 650 983 defendimus.
683 951 784 982 Nam:
811 969 827 987 n
838 975 954 982 ......
980 951 1015 982 in
1040 952 1156 982 ceteris
1178 961 1310 992 quoque
1329 951 1435 992 operis

324 1008 505 1048 partibus,”
529 1008 650 1048 inquit,
674 1011 826 1048 upraeter
846 1007 990 1039 minores
1010 1007 1146 1039 lacunas
1165 1007 1346 1048 permultas
1367 1017 1435 1038 una

325 1068 411 1096 certe
444 1064 577 1095 maioris
607 1064 752 1095 ambitus
781 1067 854 1104 post
876 1064 933 1094 ΠΙ.
965 1064 1004 1094 13
1031 1064 1128 1104 (ΝΒ-1·
1151 1074 1180 1095 a.
1207 1064 1238 1105 3)
1261 1063 1363 1103 ἀρετήν
1386 1064 1435 1095 in·

326 1121 470 1159 venit-ur,
499 1120 588 1161 quod
620 1130 685 1151 non
718 1120 804 1160 sugit
834 1119 1008 1161 Contingii
1039 1121 1262 1161 sagacitatem.
1291 1119 1358 1160 Qui
1383 1121 1436 1152 vir

325 1186 529 1217 quamquam
555 1177 590 1206 in
614 1177 773 1208 eiusmodi
793 1176 973 1207 defectibus
993 1177 1232 1217 investigandis
1251 1186 1345 1217 saepe
1363 1177 1435 1217 qui·

325 1233 399 1264 (leni
424 1233 557 1271 erravit,
582 1235 692 1263 tamen
719 1242 785 1263 non
807 1232 913 1263 solum
939 1242 975 1264 eo
994 1233 1128 1271 erravit,
1147 1233 1234 1273 quod
1252 1232 1436 1273 complures

326 1289 384 1320 ubi
416 1299 481 1320 non
511 1292 599 1327 sunt,
630 1289 692 1320 sibi
725 1289 815 1319 visus
844 1291 892 1320 est
921 1289 1087 1327 detexisse,
1122 1299 1237 1320 verum
1262 1289 1363 1320 etiam
1388 1298 1434 1328 eo,

325 1346 414 1386 quod
436 1346 519 1376 alios
542 1345 721 1386 pauciores,
746 1345 804 1386 qui
828 1355 942 1377 revera
965 1348 1104 1383 exstant,
1127 1345 1181 1376 vel
1200 1345 1267 1385 ipse
1286 1345 1434 1376 nondum

325 1402 458 1442 detexit,
489 1405 530 1440 et,
561 1411 764 1442 quamquam
792 1401 944 1442 linguam
968 1401 1128 1433 Graecam
1153 1402 1278 1432 modice
1303 1404 1434 1432 tantum

325 1459 440 1489 doctus
469 1461 548 1496 erat,
575 1461 674 1489 acuta
698 1462 808 1490 tamen
834 1461 943 1489 mente
967 1461 1000 1490 et
1022 1461 1149 1489 attento
1173 1458 1286 1489 animo
1308 1461 1436 1489 senten-

327 1516 449 1546 tiarum
475 1515 600 1555 ubique
623 1525 746 1546 nexum
772 1515 913 1546 rimatus
936 1515 1117 1555 permultas
1137 1514 1344 1546 difficultates
1362 1524 1436 1554 ape-

327 1572 403 1610 ruit,
429 1582 511 1612 quas
536 1582 601 1602 non
623 1572 715 1602 modo
735 1574 812 1602 ante
832 1582 908 1603 eum
930 1581 1025 1603 nemo
1038 1574 1254 1612 perspexerat,
1267 1570 1321 1602 sed
1335 1571 1435 1602 etiam

360 1737 378 1765 ¹)
401 1737 556 1761 introductio
574 1745 627 1768 cap.
646 1737 677 1761 Vl
695 1744 718 1768 p.
737 1736 785 1761 017
802 1743 857 1769 sqq.

358 1782 378 1810 ²)
397 1783 533 1807 Pollicetnr
547 1783 653 1813 exempli
668 1783 748 1813 gralia
764 1782 787 1806 1.
806 1782 837 1806 43
857 1781 940 1812 (1260.
959 1781 983 1806 b.
999 1782 1020 1805 8.
1037 1782 1103 1812 sqq.)
1119 1782 1293 1814 quaestionem
1304 1781 1335 1804 de
1345 1781 1438 1804 virtute

327 1829 419 1858 mariti,
444 1828 534 1855 uxoris„
561 1828 749 1860 liberorumque
767 1828 847 1859 deque
867 1827 1050 1851 necessitudine
1069 1833 1135 1858 quae
1152 1826 1218 1850 inter
1231 1833 1274 1849 eos
1289 1825 1438 1850 intercidere

325 1874 426 1903 ‹lebcat;
446 1873 478 1897 lv
500 1873 536 1904 ‹7›
555 1873 587 1898 118
606 1873 682 1904 (13:35
701 1873 725 1898 b.
740 1873 764 1897 2.
783 1874 848 1904 sqq.)
868 1873 899 1897 de
915 1873 1024 1896 sanitate
1045 1879 1177 1902 corporum
1192 1871 1274 1904 qualis
1285 1870 1370 1895 liberis
1381 1877 1437 1901 pro-

325 1920 439 1944 creandis
459 1926 514 1943 esse
539 1922 664 1950 oporteat;
687 1919 733 1942 eid.
758 1918 813 1942 libr.
838 1926 857 1942 e.
885 1917 916 1942 17
942 1917 1025 1945 (1330.
1050 1917 1074 1942 b.
1098 1916 1141 1945 24)
1163 1917 1278 1949 adquae
1296 1915 1438 1947 spect-ucula

326 1965 395 1995 pueri
419 1965 570 1989 admittendi
594 1964 658 1993 sint;
684 1963 726 1988 lib.
753 1963 783 1988 11.
807 1963 846 1987 10.
871 1962 946 1992 <ww
968 1970 990 1986 a.
1017 1962 1060 1990 24)
1089 1962 1174 1992 legi-nc
1200 1962 1251 1986 sint
1275 1961 1376 1985 vetandi
1392 1960 1437 1984 ob-

326 2010 409 2033 scoeni
425 2010 537 2034 virorum
555 2010 620 2033 inter
637 2016 691 2033 sese
709 2016 783 2038 usus3
803 2008 858 2032 libr.
879 2008 897 2032 V
917 2008 1005 2038 (Vlll).
1025 2007 1048 2032 3.
1068 2007 1144 2038 (1338
1162 2015 1183 2031 a.
1203 2007 1246 2037 3⁸2)
1267 2009 1329 2040 quot
1347 2013 1439 2037 genera

327 2056 377 2079 sint
394 2054 586 2080 institutionum
603 2062 738 2085 puerorum
757 2052 912 2083 liberalium3
933 2052 975 2078 lib.
997 2053 1020 2076 11
1041 2061 1092 2084 cap.
1111 2053 1127 2076 6
1144 2052 1220 2083 (1265
1238 2052 1260 2076 b.
1272 2051 1314 2082 ’17)
1330 2052 1362 2076 IV
1373 2051 1438 2082 (Vll)

327 2100 342 2123 ἴ)
369 2100 451 2129 (1:320.
477 2100 501 2125 b.
531 2100 574 2125 32)
600 2103 623 2123 et
648 2107 700 2130 rap.
726 2099 756 2124 10
782 2098 864 2129 (1330.
886 2107 907 2123 a.
932 2099 958 2123 4)
983 2099 1014 2122 «lc
1037 2103 1091 2122 ιιι-ιο
1114 2097 1149 2122 rei
1170 2097 1298 2122 faciendae
1316 2100 1341 2121 ct
1357 2097 1438 2130 quoad

327 2153 383 2177 resp
409 2153 465 2171 enm
482 2145 641 2178 singulm-nm
661 2146 784 2170 domuum
802 2152 890 2169 cunam
909 2144 935 2169 in
955 2152 981 2169 se
1000 2143 1110 2175 recipere
1128 2144 1218 2168 debeat
1236 2147 1282 2168 cet.
