1545 2651
910 326 951 357 43

377 421 483 452 deesse
516 421 680 458 videntur,
712 424 744 451 et
775 430 813 451 ea
843 429 926 460 quac
957 424 1139 460 supersunt,
1171 421 1372 461 apertissime
1403 428 1481 454 sunt
1522 408 1527 449 ³,

377 479 512 515 detorta,
535 481 644 508 tamen
665 480 842 516 utrumque
864 476 971 507 locuni
992 478 1177 508 accuratius
1189 478 1480 516 considerantibus,

377 534 473 564 illum
494 534 642 564 ordinem
661 533 897 573 disquisitionis
916 542 935 563 a
953 533 1143 574 philosopho
1156 544 1221 565 esse
1235 534 1356 565 initum
1370 534 1480 566 videre
1523 531 1526 534 ⁴

376 591 470 620 nobis
490 590 642 621 videmur
661 587 684 630 1)
713 589 824 628 uQnid
847 590 1058 620 statuendum
1073 594 1120 621 est
1133 590 1171 621 de
1184 591 1431 630 magistratibus
1443 591 1478 621 in

375 647 498 687 optima
523 645 677 677 civitate?
701 645 818 676 Nonne
841 646 943 676 satius
967 646 1029 676 orit
1052 656 1179 687 semper
1203 647 1330 677 eosdem
1356 647 1478 685 iubere,

375 703 501 734 eosdem
533 702 665 743 parcre?
693 702 785 733 Esset
818 702 850 732 id
872 702 1005 742 quidem
1030 703 1143 740 satius,
1164 703 1190 733 si
1211 712 1349 743 usquam
1380 706 1478 734 terra-

374 769 448 789 rum
478 759 556 789 satis
587 769 744 799 magnum
770 759 944 789 discrimen
968 759 1175 790 inveniretur
1197 762 1229 790 et
1253 768 1422 799 corporum
1446 762 1478 790 et

373 816 561 846 animorum
591 816 677 846 inter
708 815 918 855 magistratus
949 818 981 845 et
1011 815 1163 855 privatos.
1195 815 1255 846 Sed
1285 817 1414 845 tantum
1440 818 1478 845 nt

373 873 416 902 sit
450 872 625 903 discrimen
657 872 726 902 fieri
759 881 847 912 posse
878 881 943 902 non
977 871 1116 909 videtur,
1146 881 1253 912 neque
1283 871 1351 902 ullo
1385 874 1477 912 pacto

373 929 443 959 fieri
474 938 573 968 posse,
606 931 642 959 ut
673 928 715 958 sit
746 928 833 958 inter
863 927 986 958 similes
1017 931 1049 958 et
1071 937 1173 968 pareS,
1197 927 1310 967 quales
1333 928 1477 967 optimae

373 985 418 1016 rei
453 985 605 1025 publicae
639 985 727 1015 cives
759 994 825 1015 esse
856 984 956 1015 decet.
990 983 1033 1014 At
1064 984 1253 1014 discrimine
1283 993 1362 1023 opus
1393 983 1476 1014 esse!

373 1041 522 1072 Discerni
557 1041 659 1081 igitur
688 1044 833 1081 oportere
864 1043 999 1071 aetates:
1024 1040 1242 1071 adolescentes
1266 1042 1304 1070 ut
1326 1043 1476 1080 pareant;

373 1098 508 1128 iuvenes
535 1098 726 1128 maturiores
751 1100 788 1127 nt
811 1099 978 1137 capessant
1003 1107 1071 1127 rem
1087 1096 1254 1136 publicam
1262 1109 1270 1134 ;
1284 1099 1316 1127 et
1329 1097 1476 1137 primum

370 1154 502 1194 quidem
533 1154 688 1185 accedant
717 1154 758 1184 ad
788 1153 946 1183 militaria
969 1153 1116 1192 imperia,
1141 1153 1258 1183 deinde
1281 1155 1387 1183 aetate
1411 1162 1476 1184 cor·

371 1211 532 1249 roborata,
555 1211 605 1241 ins
629 1211 749 1248 dicant,
770 1210 892 1240 iudicia
912 1212 1093 1247 exerceant,
1113 1209 1282 1240 civitatem
1303 1208 1476 1249 prudentia

370 1270 402 1298 et
426 1267 560 1298 consilio
583 1270 698 1307 regant
722 1269 754 1298 et
777 1267 1017 1304 administrent,
1036 1276 1127 1297 senes
1147 1266 1288 1306 denique
1308 1265 1476 1306 pontifices

369 1323 446 1354 facti
480 1323 545 1354 otio
575 1333 652 1354 cum
683 1323 845 1363 dignitate
876 1323 1041 1353 fruantur.
1074 1322 1127 1353 Sic
1159 1322 1225 1353 sore
1257 1325 1293 1352 ut
1325 1324 1357 1353 et
1380 1331 1473 1362 pares

371 1379 437 1409 sint
456 1379 498 1410 ab
518 1380 615 1410 initio
634 1382 666 1410 et
685 1379 785 1410 simili
806 1380 990 1410 conditione
1011 1379 1154 1410 invicem
1175 1379 1301 1416 cedant,
1323 1381 1355 1409 et
1369 1387 1474 1418 quum

370 1436 470 1467 iidem
502 1437 569 1467 sint
599 1437 656 1477 qui
686 1436 865 1467 iubeantur
896 1446 933 1466 ac
966 1436 1022 1476 qui
1056 1436 1202 1473 iubeant,
1236 1438 1344 1466 tamen
1380 1434 1474 1475 qnasi

370 1493 490 1523 diversi
515 1493 581 1523 sint
603 1502 725 1533 proque
748 1492 884 1523 diversis
908 1491 1154 1532 magistratibus
1179 1490 1331 1522 diversi.”

412 1549 500 1580 Haec
530 1549 634 1590 igitur
664 1549 867 1580 lineamenta
896 1549 1102 1586 adumbrata,
1137 1548 1293 1579 seiunctis
1317 1547 1367 1586 iis,
1391 1557 1474 1588 quae

369 1606 586 1637 exstrinsecus
613 1608 691 1636 sunt
721 1605 834 1643 allata,
865 1605 965 1636 etiam
994 1615 1082 1636 nnnc
1106 1605 1140 1634 in
1165 1605 1204 1634 iis
1226 1604 1303 1635 locis
1326 1603 1472 1644 cognosci

369 1665 513 1702 possunt,
544 1663 597 1693 sed
629 1664 666 1692 ut
696 1661 850 1699 vidimus,
881 1671 1009 1702 prorsus
1039 1661 1168 1698 discisa3
1200 1663 1238 1690 ut
1261 1670 1300 1690 ex
1324 1670 1390 1691 uno
1414 1659 1473 1690 hoc

369 1718 516 1759 exemplo
547 1719 627 1749 effici
653 1719 758 1756 liceat,
791 1718 923 1748 libros
956 1718 1002 1748 de
1034 1717 1205 1758 Republ.
1238 1717 1311 1757 qui
1343 1716 1472 1747 Arist.

369 1776 538 1806 nomine
591 1775 748 1806 circum
765 1775 977 1812 seruntur,
1028 1784 1106 1804 non
1156 1773 1289 1804 solum
1343 1773 1472 1803 rimas

371 1832 567 1870 traxisse,
599 1832 666 1862 sed
698 1831 939 1862 dilaniatos
974 1830 1122 1868 fnisse,
1159 1833 1398 1870 temereque
1433 1832 1472 1859 et

368 1889 536 1919 sordide
565 1891 764 1919 consutos
795 1897 882 1918 esse
905 1896 925 1917 a
948 1886 1149 1924 librario,
1173 1886 1262 1926 qui,
1286 1886 1471 1926 quicum-

402 2041 422 2071 ¹)
440 2041 477 2066 Ne
495 2042 552 2074 quis
569 2041 645 2065 etium
664 2044 720 2071 post
736 2048 772 2070 ea,
790 2047 854 2071 quae
871 2047 893 2071 p.
912 2039 944 2064 33
962 2039 1079 2069 diximus,
1099 2038 1238 2063 arbitretur
1255 2037 1470 2070 p.1332b.dispu-

368 2090 449 2111 tatum
472 2094 526 2111 esse
550 2087 580 2111 de
596 2087 664 2110 varia
683 2093 817 2117 puerorum
837 2086 1003 2114 institutione,
1021 2092 1111 2114 nonne,
1130 2085 1151 2108 si
1170 2085 1216 2108 hoc
1236 2084 1313 2108 voluit
1331 2083 1390 2114 phil.
1409 2084 1470 2107 satis

367 2133 415 2157 suit
436 2133 485 2156 tale
507 2133 557 2156 sere
580 2133 749 2163 prooemium:
767 2132 892 2163 „laudm
911 2131 997 2164 &mue
1017 2131 1121 2163 ,εἴρηται
1141 2131 1278 2163 πρὸιερυη
1297 2131 1352 2155 ἔστι
1369 2140 1418 2159 μιν
1438 2129 1469 2157 ὥς

367 2181 430 2207 τούς
449 2180 546 2208 rudore
561 2180 655 2213 ἄρχειν
675 2181 718 2203 καὶ
736 2179 872 2212 ἄρχεσθαι
890 2178 1067 2209 variamina
1086 2176 1149 2204 δ’ὡς
1167 2177 1272 2211 ἑτέρους
1291 2187 1311 2201 κ.
1334 2187 1353 2201 r.
1373 2178 1392 2202 l.
1409 2176 1435 2201 Τ
