1545 2651
861 293 899 321 :313

325 386 433 427 quoad
463 389 495 416 et
523 385 643 425 quibus
668 384 769 414 modis
792 385 886 424 pueri
911 385 952 415 ad
975 394 1047 416 eam
1070 385 1137 416 sint
1160 386 1321 417 formandi
1330 400 1339 425 ς
1364 397 1433 418 ver-

327 443 374 472 bis
405 451 480 472 vero
512 439 694 479 δικφέροντκι
725 438 776 470 uxi
807 440 873 478 πρὸς
903 440 955 475 τὴν
986 439 1108 476 ἄσκησιν
1138 441 1231 477 αὐτῆς
1256 443 1339 474 lianc
1363 443 1432 474 vim

327 499 444 529 habere
470 508 532 528 non
559 501 703 537 possunt.
1155 492 1162 499 “

369 555 484 595 Itaque
515 554 666 585 videmus
698 554 748 584 hic
778 564 906 594 quoque
937 555 1207 586 consarcinatoris
1237 565 1373 596 pravam
1397 557 1433 587 iu

325 611 494 651 explendis
526 610 653 641 lacunis
683 613 868 642 versantem
900 611 1137 642 assiduitatem.
1165 612 1352 644 Verisimile
1375 613 1434 654 igi-

327 671 381 698 tur
410 669 466 705 est,
498 667 586 698 inter
614 676 663 698 res
686 666 724 697 de
746 667 866 708 quibus
890 677 955 697 non
979 670 1142 699 constaret
1165 668 1199 698 in
1225 669 1332 708 pueris
1359 669 1434 700 edu-

326 724 446 762 candis,
478 724 579 754 etiam
611 724 695 754 hanc
730 723 776 754 ibi
810 724 852 754 ab
886 723 1060 755 Aristotele
1094 734 1160 755 esse
1194 728 1433 764 enumeratam,

327 784 439 811 utrum
465 789 599 820 corpera
621 780 710 820 prius
734 782 840 811 essent
862 780 1033 811 formanda
1053 790 1154 821 quam
1176 784 1311 819 mentes,
1331 781 1435 812 ambi-

324 838 447 878 guique
470 847 535 868 non
560 839 674 867 utrum
698 847 804 868 mores
825 847 867 867 an
892 837 1027 877 ingenia
1049 838 1227 869 erudienda
1247 841 1362 876 essent,
1381 839 1436 870 sed

324 903 389 934 quo
420 896 599 934 utrumque
629 893 742 924 ordine
769 893 839 924 fieri
868 896 1038 934 oporteret.
1062 894 1124 925 Sed
1148 895 1226 925 haec
1250 897 1325 925 utut
1347 898 1434 934 sunt,

324 961 399 981 cum
424 950 476 981 liic
501 950 647 990 primum
672 953 885 991 quaereretur
908 949 951 985 τίς
974 949 1000 981 δ’
1025 950 1100 981 ἐστιν
1125 950 1140 985 ἦ
1165 950 1281 981 πκιδείκ
1305 949 1356 982 ux}
1375 953 1436 986 πῶς

323 1005 381 1045 χρὴ
413 1005 612 1042 παιδεύεσθαι,
645 1007 680 1037 in
711 1007 862 1047 sequenti
894 1007 1014 1047 pagina
1037 1007 1108 1038 sine
1133 1007 1210 1037 ullis
1233 1008 1437 1048 argumentis

325 1063 480 1094 affirmari
513 1073 578 1094 non
603 1066 718 1103 potest,
742 1063 867 1103 liquere
890 1063 956 1093 iam
982 1066 1057 1094 utra
1080 1073 1155 1104 pars
1178 1064 1284 1094 animi
1310 1073 1436 1096 necesse

324 1120 366 1150 sit
397 1120 543 1160 primum
574 1119 745 1151 erudiendi
774 1119 883 1151 locum
908 1120 1065 1151 obtineat.
1089 1119 1183 1159 Quod
1206 1121 1307 1151 etiam
1333 1121 1437 1161 magis

326 1177 484 1207 furiosum
510 1179 600 1214 esset,
625 1176 652 1206 si
672 1186 786 1207 revera
805 1176 905 1207 Arist.
926 1179 1033 1207 aetate
1054 1176 1198 1215 suerunt,
1218 1177 1276 1217 qui
1296 1177 1436 1208 alteram

325 1236 452 1273 partein
473 1242 603 1273 prorsus
623 1233 854 1273 negligendam
875 1243 941 1264 esse
955 1233 1206 1271 arbitrarentur,
1220 1236 1257 1264 ut
1269 1232 1437 1274 Congreve

326 1300 429 1330 aequo
453 1290 565 1320 animo
589 1290 818 1330 philosophum
843 1290 1005 1321 dicentem
1030 1290 1165 1330 patitur.
1190 1290 1251 1321 Sed
1275 1290 1361 1321 idern
1386 1290 1438 1321 vir

326 1346 366 1377 cl.
400 1356 441 1377 ne
472 1346 530 1377 hoc
561 1347 696 1386 quidem
729 1346 903 1377 molestum
936 1347 1034 1384 ducit,
1068 1347 1157 1387 prius
1181 1356 1282 1387 quam
1306 1347 1376 1386 ipsa
1399 1356 1438 1378 ea

325 1404 471 1444 quaestio
502 1403 694 1444 proferatur,
727 1404 931 1443 disputatum
964 1404 1002 1434 de
1033 1413 1072 1434 ea
1102 1403 1167 1434 iam
1200 1413 1276 1434 esse.
1306 1403 1438 1434 Placide

327 1460 417 1490 enim
452 1478 466 1496 μ
477 1460 531 1490 the
559 1459 746 1500 questi0n”‚
779 1460 836 1497 ait,
870 1469 962 1495 „was
992 1460 1164 1490 discussed.
1188 1459 1236 1490 IV
1261 1459 1305 1500 (7)
1332 1459 1382 1490 15.
1408 1460 1437 1490 9.

329 1516 401 1546 10.υ
433 1516 542 1556 Atque
574 1516 718 1556 primum
749 1516 889 1547 strictim
921 1526 1046 1554 moneo,
1078 1516 1219 1556 potuisse
1245 1526 1321 1547 eum
1346 1525 1438 1556 para-

327 1573 465 1613 graphus
503 1573 530 1610 7,
567 1573 585 1602 8
621 1572 737 1603 addere
773 1572 812 1603 ad
850 1573 868 1603 9
904 1576 935 1604 et
971 1573 1008 1602 10
1042 1572 1138 1612 (1334
1170 1572 1201 1603 b.
1233 1572 1437 1613 8—281n0n

329 1629 479 1669 17—28.)
513 1628 599 1659 Tum
628 1639 705 1660 vero
728 1628 813 1669 sugit
837 1639 868 1659 v.
893 1629 943 1667 cl.,
970 1632 1007 1660 ut
1032 1629 1099 1659 iam
1123 1639 1220 1669 supra
1245 1629 1368 1666 monui,
1392 1628 1439 1659 ibi

327 1685 379 1725 agi
413 1688 543 1715 tanturn
572 1685 610 1716 de
634 1686 747 1716 ordine
771 1685 984 1723 educationis,
1010 1696 1073 1716 non
1099 1685 1137 1716 de
1160 1685 1265 1715 animi
1289 1685 1436 1724 partibus

327 1742 514 1772 erudiendis
543 1745 601 1772 aut
629 1742 842 1782 negligendis.
868 1742 994 1773 Deinde
1019 1745 1131 1773 autem
1157 1751 1221 1772 non
1246 1741 1343 1782 plane
1366 1751 1439 1772 con-

328 1798 438 1829 cedere
469 1807 610 1838 possum,
636 1798 687 1829 vel
712 1799 751 1829 de
775 1808 813 1829 ea
836 1808 869 1830 re
901 1799 1160 1839 disputatum
1192 1808 1268 1836 esse,
1292 1798 1346 1828 sed
1369 1807 1439 1829 sen-

330 1855 451 1885 tcntiae
482 1855 663 1885 nonnullae
695 1855 735 1885 ad
765 1855 863 1885 taleni
889 1855 1143 1895 disputationem
1169 1855 1368 1894 pertinentes
1394 1853 1439 1884 ibi

328 1912 537 1951 proferuntur
573 1911 707 1951 eiusque
742 1922 833 1946 anon
866 1911 946 1942 bene
976 1911 1166 1942 iunctarum
1200 1910 1359 1941 discordia
1394 1920 1440 1941 se-

330 1967 454 1998 mina?
490 1968 550 1998 Sed
585 1968 713 1998 etiamsi
750 1967 956 1998 ornatissime
986 1971 1018 1998 et
1049 1967 1237 2007 c‹›pi0ssi1ne
1267 1969 1348 1997 esset
1379 1966 1440 1997 dis-

329 2027 481 2064 putatum
514 2024 613 2054 scitus
647 2027 733 2054 certe
768 2027 867 2064 atque
904 2024 1034 2064 elegans
1069 2023 1328 2063 disputationum
1364 2023 1440 2054 ordo

329 2084 419 2117 osset,
451 2083 483 2111 et
515 2080 700 2118 Aristotele,
732 2080 856 2120 opinor,
892 2080 1019 2121 dignus,
1057 2080 1091 2110 in
1127 2079 1209 2109 libro
1243 2079 1381 2119 septimo
1413 2078 1441 2109 si

329 2136 535 2176 disputatum
567 2138 648 2167 esset
682 2136 819 2175 ’,πότερον
847 2135 1008 2167 πκιδευτέω
1031 2136 1070 2174 τῷ
1094 2135 1171 2173 λέγῳ
1193 2134 1320 2174 πρότερον
1344 2132 1360 2170 ἢ
1381 2137 1441 2169 τοῖς
