1545 2651
585 310 613 338 ll

0 422 1 447 1
44 402 115 439 post
142 410 219 431 eum
243 400 380 441 plurimi
403 401 616 441 despicientes
639 412 724 443 quae
748 406 834 434 recte
863 406 1007 434 senserat
1038 412 1156 444 negare

46 466 147 496 quain
184 457 323 488 enodare
358 457 559 488 maluerunt.
596 457 660 497 Qui
699 459 724 489 si
761 459 852 490 hodie
887 469 1028 500 quoque,
1064 459 1156 490 velut

46 512 204 551 Stahrius,
247 514 414 545 asteriscos
457 513 696 555 Com-ingianos
731 526 770 546 ex
805 516 1004 547 editionibus
1038 516 1156 546 nostris

47 570 227 608 evanuisse,
248 570 303 601 sed
324 580 535 611 nequaquam
556 572 616 602 hac
637 582 670 603 re
692 572 859 603 turbatam
880 582 945 603 esse
964 573 1069 612 operis
1087 582 1156 612 per-

45 626 254 666 spicuitatem
278 627 450 665 affirmant,
475 637 597 665 vereor,
623 638 663 659 ne
687 628 720 658 111
748 638 800 659 eos
831 629 926 659 eadat
948 629 1044 666 idem,
1070 628 1156 669 quod

47 682 238 714 Antistheni
267 694 299 714 se
327 681 414 714 ἵππον
437 684 569 724 quidem
595 685 714 722 videre,
738 685 792 715 sed
815 694 880 715 nou
903 683 1052 720 ἱππότητοι
1075 694 1156 716 asse-

47 740 175 770 veranti
203 740 402 780 respondisse
433 741 537 771 fertur
566 741 676 772 Plato:
709 739 788 780 ἔχεις
819 741 872 779 μὲν
899 737 919 780 ᾧ
943 739 1029 776 ἵππος
1059 740 1156 780 &pirou

47 795 112 826 τόδε
141 796 173 827 τὸ
203 795 304 834 ὄμμα,
336 792 356 835 ᾧ
382 796 407 827 δ“
440 796 565 832 ἱππότης
594 796 743 841 θεωρεῖται
774 797 880 829 οὐδέπω
905 797 1074 833 κέκτησαθ).
1098 797 1157 828 His

48 853 155 883 verbis
176 853 316 891 videtur,
337 856 375 884 ut
397 853 463 883 iam
484 854 561 892 dixi,
583 864 655 885 mea
675 855 839 885 sententia
852 854 949 894 plane
962 863 1141 894 congruere
1148 867 1156 892 ;

47 909 102 940 sed
133 909 265 940 videtur
297 912 439 941 tantum.
471 910 533 941 Ille
565 911 654 941 enim
686 911 738 941 vir
771 910 811 941 cl.
843 911 905 941 sibi
929 911 1089 951 persuasit
1111 910 1157 940 la-

48 976 149 997 cunas
172 966 306 1006 quidem
330 967 365 996 in
390 966 450 997 hoe
473 976 570 1007 opere
592 967 705 1005 inesse,
730 969 762 998 et
785 967 908 998 multus
931 967 1065 1008 quidem
1086 977 1157 1007 par-

49 1032 115 1061 vas,
147 1033 249 1053 unani
281 1023 334 1054 vel
366 1024 533 1064 majorem,
564 1024 619 1055 sed
649 1026 760 1054 tamen
787 1024 822 1054 in
846 1024 1040 1054 universum
1065 1023 1158 1055 nobis

48 1080 233 1120 philosophi
257 1089 338 1119 opus
361 1080 409 1110 ita
433 1090 500 1111 esse
521 1081 690 1119 traditum,
712 1083 750 1110 ut
773 1080 944 1111 residua
968 1090 1047 1111 non
1071 1090 1157 1111 con-

49 1136 150 1167 silio
189 1136 279 1167 sint
314 1139 494 1174 mutata5
534 1137 615 1166 mihi
655 1138 767 1167 autem
799 1139 1040 1168 retractata
1070 1146 1157 1167 esse

49 1193 270 1231 videntur,
314 1196 358 1224 ut
401 1193 583 1238 speeiem
615 1194 893 1234 integritatis
928 1194 1157 1230 referrent3

47 1249 136 1290 quod
159 1249 201 1280 ab
225 1259 271 1288 eo,
295 1250 354 1290 qui
378 1249 512 1288 fecisset,
532 1249 610 1280 satis
629 1252 736 1281 astute
756 1250 879 1281 factum
900 1260 966 1281 esse
985 1260 1037 1281 me
1052 1250 1159 1280 iudice

48 1308 138 1346 patet
160 1306 227 1336 iam
252 1316 291 1337 ex
315 1316 362 1343 eo,
388 1306 476 1346 quod
499 1308 577 1336 sunt
601 1306 702 1337 etiam
725 1306 829 1344 hodie,
853 1307 911 1346 qui
935 1306 1096 1337 dubitent.

92 1362 202 1403 Atque
244 1362 389 1403 singulos
432 1362 519 1393 locos
558 1363 681 1400 afferre,
715 1372 796 1403 quos
830 1363 995 1394 Susemihl
1028 1372 1160 1403 quoque

48 1419 166 1450 statuit
197 1419 369 1450 lacunosos
400 1429 476 1457 esse,
508 1420 575 1450 iam
608 1420 767 1459 descripto
795 1419 845 1450 Ol.
869 1420 961 1450 illius
983 1419 1047 1449 viri
1073 1420 1160 1450 testi-

49 1476 170 1514 monio,
193 1485 258 1516 quo
283 1476 424 1506 invitius
449 1476 523 1506 dato
544 1486 579 1507 eo
599 1476 758 1516 graviore,
776 1476 982 1516 supersedere
1002 1486 1053 1507 nie
1070 1485 1161 1516 posse

49 1532 199 1563 arbitror.
235 1532 350 1572 Itaque
385 1542 424 1563 ex
456 1533 616 1572 exemplis
650 1543 669 1562 a
702 1542 753 1563 me
786 1532 913 1563 collatis
947 1534 1078 1562 tantum
1108 1541 1161 1563 eos

50 1589 135 1620 locos
165 1589 308 1626 afferam,
340 1599 356 1619 e
389 1589 509 1629 quibus
541 1589 664 1620 confido
689 1589 756 1619 fore
779 1592 817 1619 ut
839 1589 865 1619 si
890 1589 964 1629 quis
987 1599 1039 1620 eos
1062 1589 1161 1629 paulo

49 1645 225 1676 attentiore
258 1655 338 1676 eura
368 1646 548 1685 inspexerit
578 1648 688 1676 nostra
720 1645 876 1685 probetur
906 1646 1080 1683 sententia,
1111 1655 1163 1676 eos

50 1701 149 1732 libros
173 1704 366 1732 retractatos
389 1712 465 1733 esse.

93 1758 236 1789 Initium
258 1759 341 1788 inihi
360 1759 403 1788 sit
428 1759 528 1796 locus,
548 1768 647 1799 quem
672 1758 720 1798 (in
745 1761 822 1789 nota
848 1759 864 1788 2
891 1768 964 1798 pag.
991 1758 1042 1799 10)
1064 1758 1163 1789 retuli

51 1815 138 1846 iuter
170 1815 299 1855 eos,yi11
331 1815 452 1855 quibus
477 1815 562 1846 Phil.
587 1825 675 1855 spem
701 1816 832 1853 excitat,
858 1815 912 1846 cui
936 1815 970 1845 111
997 1815 1046 1845 1115
1072 1815 1164 1845 libris

52 1872 258 1903 satisfactum
280 1882 346 1903 esse
365 1882 431 1903 non
456 1873 616 1903 videmus.
642 1873 699 1902 Est.
722 1872 799 1903 libri
823 1872 934 1912 quinti
961 1872 1068 1912 (VIII)
1094 1881 1164 1912 cap.

51 1929 69 1958 3
95 1929 192 1968 (1338
217 1938 236 1959 a
262 1929 300 1958 30
327 1929 424 1969 sqq.):

95 1983 136 2015 ἔτι
161 1984 214 2022 μὲν
239 1984 328 2015 τοίνυν
352 1983 412 2015 ἔστι
437 1984 553 2016 megla
577 1996 619 2020 τις
644 1983 676 2020 ἤν
701 1985 757 2023 οὐχ
781 1985 817 2020 ὡς
841 1984 990 2023 χρησίμην
1015 1985 1096 2025 (Sus.
1120 1985 1166 2016 sie

51 2051 182 2081 quoque
213 2041 307 2079 edm„
338 2042 454 2081 probat
479 2046 590 2072 tamen
615 2041 758 2080 χρησιμων
781 2042 948 2081 Spengelii
973 2042 1069 2082 coni.)
1096 2052 1165 2072 πκι-

51 2097 161 2128 δεικτέον
190 2097 255 2132 τεὺς
283 2097 350 2132 υἱεῖς
383 2097 441 2128 οὐδ’
467 2099 503 2132 ὡς
527 2098 707 2135 ἐνκγκκίκν,
737 2097 828 2140 (ονῗ)
857 2097 926 2128 ἀλλ’
952 2098 988 2131 ὡς
1012 2096 1166 2136 ἐλευθέριον

51 2153 98 2185 uxi
131 2155 219 2185 καλὸν
254 2153 349 2197 (ηνῗ)
384 2154 506 2195 φανερόν
539 2155 631 2186 ἐστιν·
661 2154 775 2194 πότερον
800 2154 829 2185 δὲ
854 2154 909 2192 pala
933 2154 980 2185 τὸν
1003 2153 1126 2193 ἀριθμὸν
1150 2152 1165 2190 ἢ
