1545 2651
590 336 628 366 -to

49 440 128 471 que
164 430 262 468 suit,
301 429 398 459 huic
434 430 687 469 provinciae
720 430 894 460 minime
926 440 998 470 par
1029 431 1163 460 fucrit

50 487 112 518 vel
138 487 336 517 doctrina
359 486 676 526 philosophica,
702 486 763 516 vol
789 487 978 517 sanitate
1000 487 1162 517 mentis.

93 543 202 583 Atque
235 543 270 573 in
304 552 341 573 ca
377 553 409 572 re
442 543 499 573 hoc
525 543 606 572 milii
634 543 728 573 liccat
757 544 909 583 proiitcri,
937 544 1016 573 milii
1042 544 1079 574 de
1105 544 1163 573 linc

49 610 144 641 opere
167 600 253 640 quod
279 599 461 629 Aristotelis
486 587 617 637 (licitur,
643 599 775 629 nullum
799 600 1034 640 praeiudicium
1057 600 1163 636 fnisse,

50 667 168 697 meque
202 657 318 697 ipsum,
351 666 456 696 quum
489 656 527 686 de
561 656 700 695 singulis
734 656 811 686 locis
836 657 1037 696 inquirerem
1066 656 1164 686 nesci-

51 713 145 750 visse,
170 712 236 743 sore
261 715 298 742 ut
322 721 360 742 ea
385 712 466 742 mihi
488 712 598 752 opinio
619 712 821 742 defendenda
842 716 932 743 essct.
955 713 1069 752 Itaque
1091 722 1164 742 ‹uin-

51 770 125 800 dem
157 769 423 805 admirationem,
456 778 557 808 quam
590 769 656 808 ipse
687 769 792 800 animi
816 779 1036 808 conceperam,
1061 778 1164 808 quum

51 835 124 857 eam
155 835 222 856 esse
253 825 370 855 horum
405 824 563 855 librorum
601 825 822 855 conditionem
854 835 893 855 ex
924 825 1001 865 ipsis
1023 825 1166 864 ‹lisputa-

52 881 199 912 tionibus
230 881 425 921 necopinato
458 881 613 919 viderem,
647 891 719 911 cam
753 882 879 911 tentavi
911 882 998 921 apud
1031 881 1165 911 lectores

51 947 181 978 quoque
205 947 294 968 meos
319 947 461 969 movere.
486 936 551 976 Qui
575 938 601 968 si
622 938 808 978 opinionem
828 948 936 968 meam
958 938 1044 968 nasis
1064 938 1164 967 aduu-

53 995 98 1026 cis
131 997 341 1025 contemnere
372 994 486 1032 velint,
513 1004 616 1034 aequo
640 995 751 1025 animo
777 995 898 1034 patia1·;
923 995 1042 1034 quippe
1066 994 1102 1031 si,
1129 996 1166 1024 ut

51 1062 151 1093 spero,
184 1054 271 1082 recte
303 1051 459 1089 indicavi,
491 1061 569 1082 vera
601 1051 766 1082 contemni
800 1062 864 1082 non
900 1051 1080 1091 potuerint3
1116 1051 1165 1081 sin

53 1108 171 1146 erravi,
203 1108 287 1138 mihi
321 1110 467 1138 erratum
493 1108 602 1138 fucrit.
629 1108 697 1138 Hoc
721 1110 831 1138 antem
855 1108 1016 1148 deprecor,
1041 1107 1165 1147 nequis,

53 1165 179 1196 omissis
211 1164 405 1202 rationibus,
439 1164 659 1204 neglectisque
692 1164 738 1201 iis,
763 1174 842 1204 quas
868 1164 935 1194 iam
959 1163 1168 1210 protulimus,

53 1231 199 1262 quasque
230 1221 330 1252 etiam
363 1221 523 1261 prolaturi
555 1231 677 1258 snmus,
713 1239 727 1256 u
738 1220 980 1251 tcmcritatcn1”
1006 1220 1058 1251 vel
1086 1220 1167 1258 (shy-

53 1277 281 1318 percriticam'’
313 1278 420 1308 nescio
454 1287 555 1317 quam
591 1277 750 1307 invidiose
775 1277 963 1307 declaniitet
986 1277 1167 1307 danmctrc.

55 1333 177 1366 Contra
200 1334 322 1374 gratias
348 1334 377 1365 ei
403 1334 539 1371 habebo,
564 1334 621 1373 qui
647 1344 697 1363 mc
719 1343 840 1364 errasse
859 1333 994 1373 probare
1016 1332 1167 1362 voluerit.

98 1390 207 1431 Atque
242 1400 366 1428 eorum,
398 1399 478 1430 quos
509 1390 709 1421 adversarios
741 1390 923 1420 sententiae
948 1392 1077 1419 nostrae
1103 1388 1168 1418 fore

55 1447 330 1488 pertinacissimos
361 1449 411 1477 sat
443 1447 517 1484 scio,
550 1446 669 1486 duplex
700 1446 792 1486 quasi
823 1455 926 1485 genus
957 1445 1064 1482 vidco;
1090 1444 1168 1474 alte-

56 1514 131 1535 rum
162 1503 249 1544 quod
278 1503 547 1544 Go'ttlingianum
579 1503 792 1543 appellemus,
824 1503 882 1542 qui
906 1502 969 1532 viri
993 1501 1169 1532 doctissimi

56 1561 81 1592 ii
111 1561 255 1601 quidem,
280 1570 401 1591 omnen
425 1561 607 1591 doctrinam
632 1569 830 1599 omnemque
854 1559 978 1599 ingenii
1004 1559 1107 1589 aciem
1132 1568 1168 1588 co

57 1607 245 1654 intendunt,
276 1619 314 1647 ut
338 1619 444 1647 totum
470 1626 559 1656 opus,
584 1616 671 1656 qnod
695 1615 940 1646 Aristotelicum
966 1615 1078 1652 fertur,
1104 1624 1169 1645 om-

58 1673 156 1704 nibus
187 1674 334 1704 numeris
365 1673 554 1705 absolutum
587 1683 653 1704 esse
685 1672 875 1710 defendant5
908 1671 1060 1709 alterum,
1085 1670 1171 1711 quod

59 1730 317 1772 Spengelianum
339 1731 496 1768 dicamus,
517 1730 575 1770 qui
597 1730 661 1760 viri
685 1739 751 1760 non
772 1729 878 1759 solum
898 1729 983 1759 docti
1000 1728 1054 1759 sed
1071 1728 1170 1757 ctiam

59 1788 174 1826 critici,
208 1788 414 1828 transpositis
445 1787 539 1817 libris
570 1790 611 1824 et,
643 1786 722 1817 artis
751 1795 857 1825 opera,
888 1795 989 1825 qnam
1024 1784 1170 1815 criticam

60 1844 315 1875 coniecturalem
350 1846 481 1882 vocant,
517 1843 637 1883 passim
675 1842 847 1873 nonnullis
883 1841 1029 1878 mutatis,
1065 1842 1171 1871 cetera

60 1900 127 1932 iam
169 1901 344 1932 Aristotele
384 1901 485 1941 digna
526 1909 592 1931 esse
627 1899 842 1930 arbitrantur.
878 1897 1026 1937 Quorum
1061 1897 1172 1927 alteris

61 1957 140 1998 quia
162 1967 312 1998 unquam
337 1967 356 1988 a
379 1967 432 1988 me
456 1956 645 1997 persuaderi
666 1965 755 1996 posse
776 1965 841 1985 non
862 1964 952 1994 spero
974 1964 1013 1984 ne
1034 1953 1174 1984 conabor

61 2014 195 2054 quidem
226 2014 459 2045 contradicere.
491 2013 598 2044 Alteri
622 2013 702 2053 quid
726 2012 838 2042 dicant
860 2011 1039 2041 videamus
1063 2009 1172 2050 Atque

17 2071 21 2076 “
62 2071 208 2111 primum
231 2072 367 2112 quidem
387 2071 445 2101 ubi
465 2080 596 2101 sumnia
617 2070 716 2100 totius
737 2078 804 2099 non
826 2067 1027 2107 intelligitur
1047 2066 1173 2096 nullius

63 2137 128 2158 esse
159 2128 240 2158 artis
270 2130 400 2158 mutare
432 2127 541 2164 verba,
573 2126 662 2166 apud
690 2126 777 2155 viros
800 2134 913 2155 revera
937 2123 1075 2160 criticos,
1102 2122 1173 2161 (Co-

62 2184 161 2223 betos,
193 2185 386 2225 Madvigios,
422 2183 616 2221 Dindorfios,
647 2182 739 2221 alios)
770 2183 905 2218 constat,
939 2180 997 2219 qui
1032 2179 1174 2219 profecto

1028 2235 1039 2252 4
