1545 2651
887 333 924 361 50

354 436 536 466 numquam
563 428 610 456 tot
633 425 830 456 certissimas
849 426 1093 457 emendationes
1115 427 1334 466 protulissent,
1355 429 1381 459 si
1401 429 1464 459 ista

352 486 421 513 arte
446 482 560 512 critica
584 482 796 512 coniecturali
821 485 927 513 essent
947 482 1007 512 usi.
1028 482 1144 523 Itaque
1164 484 1364 515 mutationes
1382 494 1464 524 quas

352 549 391 569 ex
418 538 476 568 tali
500 541 570 569 arte
593 538 712 578 passim
739 538 773 568 in
799 538 890 568 libris
915 539 953 569 de
978 538 1118 579 Republ.
1145 542 1286 570 tentatas
1309 541 1384 578 scio,
1409 550 1463 572 ue—

351 605 413 635 que
445 594 644 632 examinare,
678 604 784 634 neque
815 595 962 625 refellere
992 595 1026 625 in
1059 596 1171 626 animo
1206 599 1268 634 θείς
1303 596 1462 628 librorum

351 651 618 696 transpositiones
642 650 823 681 videamus.
848 651 934 681 Eum
957 651 1046 681 enim
1068 651 1192 682 iustum
1216 661 1282 682 esse
1303 652 1463 683 librorum

351 707 499 738 ordinem
531 709 664 738 censent
694 706 718 745 I,
751 707 794 745 ΙΙ,
827 707 884 745 111,
918 707 991 745 Vn,
1025 707 1115 745 VIII,
1144 707 1201 745 IV,
1226 708 1281 745 VI,
1308 708 1346 739 V.
1369 718 1464 749 argu-

352 763 472 794 mentis
503 763 550 794 usi
576 766 609 794 et
632 773 671 794 ex
695 763 766 803 ipsa
789 763 1051 803 disputationum
1077 764 1158 795 serie
1182 764 1290 795 ductis
1313 783 1356 787 —-
1381 765 1464 796 inte-

353 820 440 850 riora
463 829 501 850 ea
524 822 644 850 vocant
665 837 708 842 -—
731 823 763 850 et
783 830 822 851 ex
844 820 1015 850 nonnullis
1036 820 1122 858 locis,
1147 820 1204 851 ubi
1228 821 1285 851 lioe
1307 820 1359 851 vel
1379 821 1464 852 illud

352 876 468 916 respici
500 876 632 907 videtur
654 876 692 907 de
716 885 779 916 quo
803 879 912 916 postea
936 876 1068 907 demum
1093 877 1212 917 agitur,
1235 895 1278 899 —
1302 877 1465 908 exteriora.

352 942 437 972 quae
466 932 592 963 dieunt.
616 950 659 954 —
688 931 758 962 Iam
785 942 862 963 vero
880 932 1044 967 >interiora.
1069 933 1131 963 ista
1155 933 1181 963 si
1206 936 1342 973 apparet
1366 933 1463 964 nauci

351 999 416 1020 non
441 998 516 1027 esse,
542 989 755 1019 manifestum
779 992 827 1019 est
848 989 888 1019 iis
908 989 985 1020 loeis
1006 993 1135 1020 nostrae
1155 990 1339 1020 sententiae
1360 990 1465 1030 magis

353 1046 454 1076 faveri
473 1055 575 1086 quam
597 1045 773 1086 Spengelii,
795 1045 989 1086 (Conringii,
1012 1045 1224 1077 Barthelemii
1249 1049 1294 1077 St.
1314 1047 1464 1087 Hilaire,)

351 1112 415 1142 quo
447 1102 557 1132 minus
587 1101 767 1132 verisimile
799 1102 850 1139 sit,
883 1102 982 1132 libros
1015 1103 1218 1142 potissimum
1253 1106 1333 1133 totos
1356 1103 1463 1134 sedem

351 1168 445 1189 suam
480 1161 632 1190 mutasse.
664 1158 732 1189 Hoc
757 1158 859 1198 igitur
881 1161 938 1196 est,
963 1159 1049 1198 quod
1074 1159 1107 1189 in
1133 1159 1386 1190 controversiam
1410 1169 1464 1190 vo-

351 1218 453 1255 cetur,
486 1225 567 1245 num
597 1224 678 1245 sana
708 1215 751 1245 sit
781 1215 879 1246 series
911 1215 1173 1255 disputationum
1204 1215 1293 1246 intra
1316 1215 1463 1256 singulos

352 1271 460 1302 libros
488 1271 583 1310 Quod
606 1281 671 1302 non
696 1271 743 1301 ita
767 1281 833 1302 esse
856 1272 1095 1312 quodannnodo
1118 1272 1185 1302 iam
1206 1272 1350 1302 vidimus
1370 1272 1463 1302 iniis

351 1327 429 1358 locis
459 1328 498 1358 de
528 1328 648 1368 quibus
678 1337 776 1367 supra
808 1328 944 1368 egimus.
977 1327 1062 1358 Nam
1094 1328 1182 1359 inter
1204 1328 1460 1368 disputationem

351 1384 389 1415 de
412 1384 558 1414 civitatis
583 1384 713 1415 unitate
735 1384 962 1424 interpositam
983 1384 1128 1414 vidimus
1148 1388 1274 1424 partein
1294 1385 1460 1424 quandam

351 1440 585 1480 disputationis
609 1440 648 1470 de
672 1440 864 1471 muneribus
888 1440 1036 1479 publicis,
1060 1450 1123 1480 quo
1149 1440 1242 1471 modo
1267 1441 1354 1471 inter
1377 1441 1463 1472 cives

351 1497 494 1536 optimae
523 1496 677 1527 civitatis
697 1495 923 1526 distribuenda
957 1496 1036 1533 sint;
1070 1496 1215 1526 vidimus
1246 1496 1347 1527 aliam
1379 1497 1463 1528 eius-

350 1553 423 1584 dem
455 1553 685 1593 disputationis
714 1556 841 1592 partem
875 1552 1140 1583 transformatam
1166 1562 1233 1584 esse
1257 1553 1297 1583 ud
1320 1553 1463 1593 disputa-

353 1610 475 1640 tionem
508 1610 546 1640 de
576 1609 669 1640 varia
700 1618 876 1649 puerorum
908 1609 1184 1639 institiwndorum
1217 1610 1353 1648 ratione,
1377 1619 1462 1650 quae

351 1667 451 1697 etiam
482 1666 508 1696 si
533 1667 578 1697 sic
601 1666 643 1696 ab
667 1666 734 1706 ipso
756 1665 934 1697 Aristotele
958 1669 1039 1697 esset
1062 1666 1224 1704 inchoata,
1250 1669 1287 1696 ut
1311 1666 1344 1696 in
1371 1666 1463 1697 libris

352 1723 471 1753 nostris
498 1723 629 1763 legitur,
650 1726 759 1753 tamen
785 1723 921 1753 dicenda
947 1725 1027 1753 essct
1051 1722 1089 1753 de
1112 1723 1185 1753 sede
1204 1732 1263 1753 sua¹
1287 1723 1461 1761 aberrasse,

351 1789 425 1809 eum
458 1782 567 1819 postea
598 1779 732 1809 demum
764 1782 796 1810 et
828 1779 862 1808 in
894 1779 970 1818 ipsis
1000 1778 1092 1809 libris
1115 1779 1263 1809 ordiatur
1283 1779 1462 1819 disputatio

352 1835 390 1866 de
421 1835 531 1875 pueris
562 1835 783 1873 instituendis,
816 1838 848 1866 et
879 1835 948 1875 ipsa
980 1845 1087 1866 rerum
1114 1838 1234 1865 natura
1260 1835 1411 1875 postulet,
1435 1835 1462 1866 si

351 1891 586 1931 disputandum
620 1891 719 1922 fuerit
742 1894 774 1922 et
798 1891 836 1922 de
860 1891 1038 1922 emieubitu
1063 1894 1095 1922 et
1117 1891 1156 1922 (le
1180 1892 1289 1931 pueris
1312 1891 1462 1922 erudien-

351 1948 409 1985 dis,
442 1951 479 1978 ut
508 1947 546 1978 de
571 1947 630 1978 liae
653 1947 843 1987 quaestione
866 1950 936 1987 post
960 1947 1052 1977 illam
1077 1947 1268 1978 disseratur:
1296 1945 1393 1986 ῃεῖπερ
1417 1943 1463 1978 οὖν

351 2004 414 2034 ἀπ’
445 2004 563 2043 ἀρχῆς
595 2004 641 2034 τὸν
672 2002 830 2041 νεμοὲέτην
853 2003 917 2043 ὁρᾶν
941 2003 987 2034 δεῖ
1008 2002 1082 2038 ὅπως
1107 1999 1250 2040 βέλτισται
1274 2003 1312 2034 ⁷22
1336 2003 1463 2041 σώμκτκ

353 2060 472 2098 γένητκι
514 2062 569 2091 τῶν
610 2060 801 2099 τρεῷεμένων,
845 2062 978 2099 πρῶτον
1014 2060 1067 2098 μὲν
1102 2059 1346 2098 ἐπιμελητέεν
1381 2059 1461 2099 περὶ

350 2116 414 2151 τὴν
445 2114 642 2155 estse-§tw
679 2120 716 2147 ut
750 2117 783 2147 in
819 2117 897 2157 ipsis
935 2117 1026 2147 libris
1062 2120 1147 2147 recte
1182 2116 1312 2147 dicitur.
1348 2115 1462 2157 Neque

351 2173 456 2203 solum
488 2173 515 2202 is
546 2173 736 2213 disputandi
768 2174 844 2203 ordo
873 2183 911 2203 ex
940 2183 1048 2203 rerum
1081 2176 1202 2203 natura
1225 2173 1382 2212 sequitur,
1406 2172 1460 2203 sed

1523 1065 1529 1102 --
1520 961 1529 1056 ο--.ι-ιι
