1545 2651
852 346 869 376 Β

309 447 407 473 tatem
428 441 652 481 rationemque
669 449 793 477 sanam,
811 442 976 479 quantum
989 448 1046 479 pei·
1059 438 1146 470 vires
1159 438 1266 477 liceat,
1280 448 1411 480 sequar,

310 508 411 538 neque
443 507 588 537 unquam
615 506 711 526 coner
738 495 784 526 τὸν
804 493 879 530 ἥττω
900 494 984 532 λέγει(
1004 494 1117 533 κρείττω
1136 498 1225 525 ποιεῖν
1245 505 1284 526 ex
1310 504 1412 535 pravo

306 553 514 594 antiquitatis
542 556 686 592 stupore;
717 551 859 592 denique
882 555 919 581 ut
944 551 1043 582 velim
1068 561 1108 582 ex
1131 551 1279 591 antiquis
1301 554 1333 582 et
1358 550 1412 582 lit-

308 611 382 640 tei-is
401 613 430 640 et
457 609 550 640 rebus
574 608 662 648 publ.
686 608 765 638 bene
786 607 961 638 intellectis
981 607 1194 638 emendatum
1219 607 1349 648 aliquid
1369 607 1411 638 ad

305 674 510 696 connnunem
534 665 676 694 fructum
701 663 880 704 aliquando
907 664 1029 695 afferre.

348 721 448 761 Atqui
479 721 537 752 liae
560 720 760 760 praelatione
792 730 855 750 ιιοιι
888 720 936 750 ita
966 723 1049 758 utor,
1076 723 1113 750 ut
1137 719 1258 751 diffisus
1283 719 1410 751 viribus

306 778 384 807 meis
409 778 473 817 ipse
494 786 599 807 meam
624 786 754 806 causam
781 776 937 808 deseram.
962 776 1068 807 Innno
1092 776 1156 806 nisi
1176 786 1264 806 nunc
1289 775 1408 808 alienis

304 833 493 870 rationibus,
516 836 575 863 aut
594 835 702 872 postea
721 832 821 862 ctiam
843 832 923 862 ineis
946 832 1048 872 ipsius
1070 832 1187 862 studiis
1209 832 1407 863 senteutiam

305 890 385 919 lianc
405 889 456 919 vel
478 889 571 919 illam
591 888 840 928 permutandmn
863 898 928 919 esse
947 888 1078 919 edoctus
1097 888 1197 926 suero,
1211 889 1246 918 in
1260 889 1310 927 iis,
1323 898 1410 929 quae

305 945 433 985 protuli,
464 943 668 984 permanebo.
696 944 872 975 Modestiae
895 944 984 975 euim
1007 953 1128 984 genera
1152 943 1215 975 duo
1239 947 1328 976 suut.
1353 943 1410 974 Al-

304 1006 408 1032 terum
439 1003 494 1038 est,
524 1000 610 1041 quod
641 1010 736 1031 nemo
766 1001 874 1031 aerius
903 1000 1100 1040 breviusque
1132 1001 1274 1038 notavit,
1306 1010 1407 1041 quam

302 1057 539 1087 Germanorum
558 1066 706 1086 summus
726 1055 783 1086 ille
803 1059 896 1096 poeta
916 1056 1039 1087 Goetlie
1053 1066 1158 1096 quum
1173 1056 1306 1094 dixerit,
1320 1066 1410 1088 men-

303 1113 386 1144 dicos
405 1117 436 1143 et
457 1113 542 1143 leves
561 1116 593 1143 et
612 1113 774 1153 improbos
793 1113 874 1144 solos
896 1122 962 1144 esse
982 1113 1139 1144 modestos
1159 1113 1258 1152 (Unur
1283 1113 1410 1153 Lumpe

302 1170 374 1200 sind
400 1170 636 1209 liesclieideus¹>;
661 1169 802 1200 alterum
828 1172 884 1208 est,
909 1169 996 1210 quod
1017 1170 1088 1201 iure
1108 1169 1264 1200 laudatur
1286 1170 1322 1200 in
1342 1179 1408 1201 mo-

303 1227 422 1257 deratis
455 1226 642 1257 hominibus
678 1227 940 1267 temperatisque.
975 1227 1063 1257 Fieri
1101 1227 1190 1257 enim
1215 1236 1281 1257 non
1305 1229 1410 1267 potest

305 1286 341 1312 ut
371 1283 433 1312 nisi
464 1282 520 1322 qui
553 1285 612 1312 ant
644 1282 829 1320 imbecillis,
863 1286 923 1313 aut
951 1283 1064 1313 varius
1096 1286 1155 1313 aut
1189 1283 1318 1313 fucatus
1355 1283 1408 1321 sit,

305 1339 485 1369 titubanter
507 1342 539 1369 et
561 1339 659 1369 dubie
682 1339 880 1370 sententiani
901 1349 994 1370 suam
1016 1342 1175 1379 proponat
1194 1348 1333 1379 eamque
1356 1339 1408 1370 de-

305 1395 431 1425 fendere
455 1405 517 1425 non
542 1395 670 1426 audeat.
693 1395 814 1426 Contra
833 1395 859 1425 si
879 1396 1077 1426 sententiam
1101 1395 1267 1426 sententia
1286 1395 1406 1427 vicerit

306 1451 418 1481 melior
447 1460 484 1480 ex
517 1460 664 1490 perverso
695 1451 884 1491 disputandi
916 1461 1035 1489 amore,
1067 1454 1126 1482 aut
1153 1452 1234 1492 quia
1263 1451 1324 1491 qui
1356 1451 1409 1482 de-

305 1507 406 1536 fendit
435 1506 495 1536 sibi
524 1506 623 1537 nimis
647 1506 783 1546 placeat,
808 1507 953 1538 confiteri
978 1507 1064 1538 nolle
1087 1517 1119 1539 se
1144 1517 1275 1545 errasse,
1300 1516 1408 1548 neque

306 1565 373 1592 tuni
401 1562 531 1602 quidem
555 1563 736 1603 quidquam
761 1566 888 1610 mutare
914 1563 1007 1602 velle,
1030 1563 1087 1594 hoc
1108 1573 1184 1594 vero
1203 1565 1252 1594 est
1270 1565 1303 1594 et
1321 1572 1408 1594 arro-

304 1618 411 1657 gantis
435 1621 467 1648 et
490 1618 700 1658 impudentis,

348 1674 460 1714 ltaque
485 1674 566 1704 lianc
587 1675 792 1714 potissimum
816 1676 857 1715 ol)
879 1685 1011 1706 cansam
1037 1675 1153 1706 tritum
1173 1675 1258 1706 illud
1277 1675 1407 1706 Horatii

306 1734 520 1770 praeceptum,
540 1731 565 1761 si
581 1731 646 1761 lieri
662 1732 825 1771 potuisset,
837 1735 967 1762 secutus
980 1732 1110 1770 fuerim,
1125 1734 1161 1762 nt
1175 1731 1261 1762 inter
1272 1731 1407 1770 alienos,

304 1787 360 1826 qui
387 1786 465 1816 milii
491 1787 752 1827 obloquerentur,
778 1788 861 1818 idem
888 1797 945 1827 ego
958 1797 1024 1819 esse
1037 1798 1171 1828 possem.
1184 1787 1326 1819 Accessit
1338 1788 1408 1819 alia

305 1842 496 1882 graviorque
526 1853 632 1881 eausa,
664 1853 763 1883 quam
788 1843 829 1874 ob
853 1854 921 1874 reni
947 1844 1074 1874 invitus
1100 1844 1240 1882 fecerim,
1267 1847 1304 1874 ut
1328 1844 1407 1875 haec

307 1899 369 1928 iani
401 1898 536 1929 ederem.
565 1899 679 1930 'l'otnm
706 1900 789 1930 lianc
823 1900 1134 1931 commentationem
1158 1910 1194 1931 eo
1214 1900 1406 1940 scripseram

305 1953 446 1990 consilio,
479 1958 514 1984 ut
544 1954 729 1993 editionem,
761 1965 861 1996 quam
896 1956 998 1987 Bekk.
1027 1957 1207 1987 seeundum
1233 1956 1306 1988 libr.
1331 1966 1406 1988 iuss.

306 2010 397 2040 tidem
432 2011 561 2041 dederat
581 2015 680 2052 atque
702 2013 888 2051 iteraverat,
909 2013 1109 2044 ostenderem
1132 2013 1255 2044 iniuria
1274 2013 1407 2054 integri-

307 2067 379 2095 tatis
409 2067 544 2106 speeiem
570 2069 695 2106 referre,
719 2079 821 2108 quum
847 2070 876 2099 ei
901 2069 976 2100 libri
1002 2072 1172 2110 postquam
1195 2069 1309 2100 multis
1329 2069 1408 2100 loeis

307 2122 403 2151 rimus
432 2123 579 2162 egissent,
603 2135 621 2154 u
648 2124 780 2155 librario
804 2126 945 2165 quodam
969 2126 1016 2156 ita
1039 2130 1144 2157 essent
1168 2125 1345 2163 retractati,
1370 2128 1408 2155 ut

305 2177 453 2207 callidius·
475 2189 574 2218 quam
597 2180 776 2220 sapientius
797 2190 850 2212 eus
872 2181 966 2221 quasi
990 2182 1174 2219 obduceret,
1196 2184 1407 2221 uulue‘prae-
